=LDR  00399    a2200109   4500
=001  5990
=100  \\$aBiber, Heinrich Ignaz Franz$d1644-1704$4cmp$1http://www.wikidata.org/entity/Q153455$99605
=245  \\$aErgänzung zu den Violin-Sonaten
=260  \\$c1908
=942  \\$cSCO
=952  \\$00$10$40$70$8SCO$95989$aORPH$bORPH$cKTS1_P$d2021-01-12$l0$p20121801$r2021-01-12 00:00:00$w2021-01-12$ySCO$OW.1030-25a
=999  \\$c5990$d5990

