=LDR  00389    a2200109   4500
=001  5991
=100  \\$aBiber, Heinrich Ignaz Franz$d1644-1704$4cmp$1http://www.wikidata.org/entity/Q153455$99605
=245  \\$aSechzehn Violinsonaten
=260  \\$c1959
=942  \\$cSCO
=952  \\$00$10$40$70$8SCO$95990$aORPH$bORPH$cKTS1_P$d2021-01-12$l0$p20121800$r2021-01-12 00:00:00$w2021-01-12$ySCO$OW.1030-25b
=999  \\$c5991$d5991

