=LDR  00806aca a2200181   4500
=001  5992
=008  210813s1960\\\\||||||||\||||\00|\0\mul\d
=041  \\$ager$dlat
=245  \\$aMessen
=260  \\$c1960
=648  \0$a17th Century (1601-1700)$1http://www.wikidata.org/entity/Q7016$920923
=650  \0$aMass$1http://www.wikidata.org/entity/Q217295$92735
=700  \\$4cmp$aBiber, Heinrich Ignaz Franz$d1644-1704$1http://www.wikidata.org/entity/Q153455$99605
=700  \\$4cmp$aKerll, Johann Kaspar$d1627-1693$1http://www.wikidata.org/entity/Q545409$911986
=700  \\$4cmp$aSchmelzer, Johann Heinrich$dc. 1623-1680$1http://www.wikidata.org/entity/Q701274$913890
=942  \\$cSCO
=952  \\$00$10$40$70$8SCO$95991$aORPH$bORPH$cKTS1_P$d2021-01-12$l0$p20121808$r2021-01-12 00:00:00$w2021-01-12$ySCO$OW.1030-49
=999  \\$d5992

