=LDR  00590aca a2200157   4500
=001  5993
=008  210813b\\\\\\\\||||||||\||||\00|\0\###\d
=041  \\$ager$dlat
=245  \\$aDrei Requiem
=260  \\$c1960
=700  \\$4cmp$aBiber, Heinrich Ignaz Franz$d1644-1704$1http://www.wikidata.org/entity/Q153455$99605
=700  \\$4cmp$aKerll, Johann Kaspar$d1627-1693$1http://www.wikidata.org/entity/Q545409$911986
=700  \\$4cmp$aStraus, Chr.$99607
=942  \\$cSCO
=952  \\$00$10$40$70$8SCO$95992$aORPH$bORPH$cKTS1_P$d2021-01-12$l0$p20121819$r2021-01-12 00:00:00$w2021-01-12$ySCO$OW.1030-59
=999  \\$d5993

