=LDR  00731aam a2200157   4500
=001  5998
=008  250228s1924\\\\|||g||||\||||\00|\0|ger\d
=100  \\$aBiehle, Herbert$d1901-1968$1http://www.wikidata.org/entity/Q92622153$99611$4aut
=245  \\$aMusikgeschichte von Bautzen bis zum Anfang des 19. Jahrhunderts
=260  \\$c1924$aLeipzig$bKistner & Siegel
=300  \\$a[xii]-156 pages
=650  \0$aMusic history$1http://www.wikidata.org/entity/Q846047$921373
=651  \0$aBautzen (Saxony, Germany)$1http://www.wikidata.org/entity/Q14835$939800
=942  \\$cBOO
=952  \\$00$10$2ddc$40$6TOP_DE_BAU$70$8TOP$95997$aORPH$bORPH$cKTS0$d2021-01-12$eKoopman$i19E10$l0$oTOP DE.BAU$p20127823$r2021-01-12 00:00:00$w2021-01-12$yBOO$OKoopman
=999  \\$d5998

