=LDR  01469cam a22003014a 4500
=001  6009
=005  20250120115904.0
=008  060224s2005\\\\fr\a\\\\\bc\\\000\0\fre\c
=010  \\$a  2006446568
=020  \\$a2850569372
=035  \\$a(CStRLIN)CTYA7873877-B
=040  \\$aTZT$cTZT$dAUXAM$dCGU$dCtY$dDLC
=042  \\$apcc
=043  \\$ae-it---$ae-fr---
=245  00$aSplendeur de Venise, 1500-1600 :$bpeintures et dessins des collections publiques françaises : [exposition], Musée des beaux-arts de Bordeaux et Musée des beaux-arts de Caen /$c[commissariat général, Olivier Le Bihan, Patrick Ramade].
=260  \\$aParis :$bSomogy ;$aBordeaux :$bMusée des beaux-arts de Bordeaux ;$aCaen :$bMusée des beaux-arts de Caen,$c2005.
=300  \\$a303 p. :$bill. (some col.) ;$c29 cm.
=504  \\$aIncludes bibliographical references (p. 283-293).
=648  \0$a16th Century (1501-1600)$1http://www.wikidata.org/entity/Q7017$920944
=650  \0$aFine art$1http://www.wikidata.org/entity/Q219625$921579
=651  \0$aVenice (Italy)$1http://www.wikidata.org/entity/Q641$91
=700  \\$aLe Bihan, Olivier$99619
=700  \\$aRamade, Patrick$99620
=710  \\$aMusée des Beaux-Arts de Bordeaux (France)$1http://www.wikidata.org/entity/Q954222$91231
=710  \\$aMusée des beaux-arts de Caen (France)$91232
=942  \\$cBOO
=952  \\$00$10$40$70$96008$aORPH$bORPH$cLOC_UNK$d2021-01-12$l0$p20120856$r2021-01-12 00:00:00$w2021-01-12$yTYPE_UNK$OKoopman
=999  \\$d6009

