=LDR  01048aam a2200229   4500
=001  6017
=008  250121s2002\\\\|||a||||\||||\00|\0\ger\d
=020  \\$a2598242735
=041  \\$ager
=100  1\$aBircher, Martin$99631$4edt
=245  \\$aMusik und Dichtung.$bHandschriften aus den Sammlungen Stefan Zweig und Martin Bodmer, Cologny-Genève
=260  \\$c2002$aCologny$bFondation Martin Bodmer
=300  \\$a268 pages
=490  \\$aCorona nova, Bulletin de la Bibliotheca Bodmeriana, Série 2$v4
=600  \0$aZweig, Stefan$d1881-1942$914266
=600  \0$aBodmer, Martin$d1899-1971$1http://www.wikidata.org/entity/Q117539$939540
=650  \0$aCollecting$1http://www.wikidata.org/entity/Q208165$92117
=650  \0$aManuscript$1http://www.wikidata.org/entity/Q87167$92275
=650  \0$aLibrary$1http://www.wikidata.org/entity/Q7075$94229
=942  \\$cBOO
=952  \\$00$10$2ddc$40$6BIB_4_000000000000000_CH_COL$70$8BIB$96016$aORPH$bORPH$cKTS0$d2021-01-12$eKoopman$i30E34$l0$oBIB4 CH.COL$p20123333$r2021-01-12 00:00:00$w2021-01-12$yBOO$OKoopman
=999  \\$d6017

