=LDR  01413aam a2200277   4500
=001  6018
=008  230524s1994\\\\|||a||||\c|||\00|\0\ger\d
=020  \\$a3598321821
=041  \\$ager
=100  1\$aBircher, Martin$99631$4aut
=245  \\$aDeutsche Drucke des Barock 1600-1720: $bKatalog der Herzog August Bibliothek Wolfenbüttel,$pAbt. D Sonderbestände, Band 2 Musiksammlung
=260  \\$c1994$aMunich$bSaur
=300  \\$a310 pages$bwith facs. images of titlepages
=490  \\$aDeutsche Drucke des Barock 1600-1720$vD2
=590  \\$aAbteilung D, Sonderbestände ; Band 2. Musiksammlung : [D 932 - D 1692]
=610  \0$aHerzog August Bibliothek (Wolfenbüttel, Germany)$91683
=648  \0$1http://www.wikidata.org/entity/Q7016$a17th Century (1601-1700)$920923
=648  \0$1http://www.wikidata.org/entity/Q7015$a18th Century (1701-1800)$920899
=650  \0$1http://www.wikidata.org/entity/Q64416036$aMusic printing$94007
=650  \0$aLibrary$1http://www.wikidata.org/entity/Q7075$94229
=650  \0$aMusic history$1http://www.wikidata.org/entity/Q846047$921373
=651  \0$1http://www.wikidata.org/entity/Q4122$aWolfenbüttel (Germany)$923426
=700  \\$aBürger, Thomas$4edt$940072
=942  \\$cBOO
=952  \\$00$10$2ddc$40$6BIB_4_000000000000000_DE_WOL_5$70$8BIB$96017$aORPH$bORPH$cKTS0$d2021-01-12$eKoopman$i45B10$l0$oBIB4 DE.WOL 5$p20127401$r2021-01-12 00:00:00$w2021-01-12$yBOO$OKoopman
=999  \\$d6018

