=LDR  01342cam a2200277 i 4500
=001  6019
=005  20250120115954.0
=008  801103s1981\\\\ncua\\\\\b\\\\001\0\eng\\
=020  \\$a0807814709
=040  \\$aOI
=041  \\$aeng
=100  \\$aBireley, Robert$4aut$99632
=245  10$aReligion and Rolitics in the Age of the Counterreformation :$bEmperor Ferdinand II, William Lamormaini, S.J., and the formation of imperial policy
=260  \\$aChapel Hill$bUniversity of North Carolina Press$c1981
=300  \\$axiii, 311 p. :$bill. ;$c24 cm.
=500  \\$aAutograph dedication to Ton Koopman
=504  \\$aBibliography: p. 285-297.
=600  \0$aFerdinand II$cHoly Roman Emperor$d1578-1637$1http://www.wikidata.org/entity/Q150599$99633
=600  \0$aLamormaini, Wilhelm$d1570-1648$1http://www.wikidata.org/entity/Q694523$99634
=648  \0$a17th Century (1601-1700)$1http://www.wikidata.org/entity/Q7016$920923
=650  \0$aTierce coulée$1http://www.wikidata.org/entity/Q6146604$92150
=650  \0$aCounter-Reformation$1http://www.wikidata.org/entity/Q128168$92151
=651  \0$aGermany$1http://www.wikidata.org/entity/Q183$9155
=942  \\$cBOO
=952  \\$00$10$2ddc$40$6TOP_AT_5_000000000000000$70$8TOP$96018$aORPH$bORPH$cKTS0$d2021-01-12$eKoopman$i42A07$l0$oTOP AT 5$p20122146$r2021-01-12 00:00:00$w2021-01-12$yBOO
=999  \\$c6019$d6019

