=LDR  00343    a2200121   4500
=001  6026
=020  \\$a9789065508034
=100  \\$aBlaak, Jeroen$915236
=245  \\$aGeletterde levens
=260  \\$c2004
=942  \\$cBOO
=952  \\$00$10$40$70$96025$aORPH$bORPH$cLOC_UNK$d2021-01-12$l0$p20120892$r2021-01-12 00:00:00$w2021-01-12$yTYPE_UNK$OKoopman
=999  \\$c6026$d6026

