=LDR  01016nam a2200241 a 4500
=001  6032
=005  20250926134854.0
=008  830720s1982\\\\gw\a\\\\\\\\\\000\0\ger\\
=020  \\$a3423044063 :$cDM9.80
=040  \\$aOI
=041  \\$ager
=100  \\$aBlankenburg, Walter$99648$4aut
=245  14$aDas Weihnachts-Oratorium von Johann Sebastian Bach
=260  \\$aMunich$bDTV$aKassel$bBärenreiter$c1982
=300  \\$a155 pages$billustrations$c18 cm
=600  \0$aBach, Johann Sebastian$d1685-1750$1http://www.wikidata.org/entity/Q1339$94766
=648  \0$a18th Century (1701-1800)$1http://www.wikidata.org/entity/Q7015$920899
=650  \0$aChristmas$1http://www.wikidata.org/entity/Q19809$92122
=650  \0$aOratorio$1http://www.wikidata.org/entity/Q85477$91825
=651  \0$aGermany$1http://www.wikidata.org/entity/Q183$9155
=942  \\$cBOO
=952  \\$00$10$40$6BIO_BACH1_E$70$8BIO$96031$aORPH$bORPH$cKTS1_P$d2021-01-12$eKoopman$i31D26$oBIO BACH1 e$p20121055$r2021-01-12 00:00:00$w2021-01-12$yBOO$OKoopman
=999  \\$d6032

