=LDR  00806aam a2200193   4500
=001  6043
=005  20251003085456.0
=008  220922s1980\\\\|||a||||\c|||\00|\0\eng\d
=041  \\$aeng
=100  \\$aCremer, Jacob Theodor$d1847-1923$4col$1http://www.wikidata.org/entity/Q2569423$924999
=245  \\$aCatalogus van de kunstveiling 319
=260  \\$aAmsterdam$bSotheby$bMak van Waay$c1980
=300  \\$a138 pages
=650  \0$aFine art$1http://www.wikidata.org/entity/Q219625$921579
=650  \0$aAuction$1http://www.wikidata.org/entity/Q177923$93849
=650  \0$aCatalogue$1http://www.wikidata.org/entity/Q2352616$921484
=942  \\$cBOO
=952  \\$00$10$2ddc$40$6VIS_CREM$70$8VIS$96042$aORPH$bORPH$cKTS1_H$d2021-01-12$eKoopman$i18D25$l0$oVIS CREM$p20125048$r2021-01-12 00:00:00$w2021-01-12$yBOO$OKoopman
=999  \\$d6043

