=LDR  00355    a2200121   4500
=001  6044
=020  \\$a9056507515
=100  \\$aBloemendal, J.$99662
=245  \\$aSpiegel van het dagelijks leven?
=260  \\$c2003
=942  \\$cBOO
=952  \\$00$10$40$70$96043$aORPH$bORPH$cLOC_UNK$d2021-01-12$l0$p20121039$r2021-01-12 00:00:00$w2021-01-12$yTYPE_UNK$OKoopman
=999  \\$c6044$d6044

