=LDR  00962aam a2200181   4500
=001  6045
=008  250120s1982\\\\||||||||\||||\00|\0\fre\d
=041  \\$afre
=100  \\$aBlogie, J.$99663
=245  \\$aRépertoire des catalogues de ventes de livres imprimés : $nI. Catalogues Belges appartenant à la Bibliothèque Royale Albert I
=260  \\$c1982$aBrussels$bTulkens
=490  \\$aCollection du Centre National de l'Archeologie et de l'Histoire du Livre$vIV.1
=610  \0$aKoninklijke Bibliotheek van België / Bibliothèque royale 'Albert Ier' (Brussels, Belgium)$1http://www.wikidata.org/entity/Q383931$91442
=650  \0$aAuction$1http://www.wikidata.org/entity/Q177923$93849
=650  \0$aCollecting$1http://www.wikidata.org/entity/Q208165$92117
=942  \\$cBOO
=952  \\$00$10$2ddc$40$6BIB_4_000000000000000_BE_BRU1$70$8BIB$96044$aORPH$bORPH$cKTS0$d2021-01-12$eKoopman$i44B15$l0$oBIB4 BE.BRU1$p20126697$r2021-01-12 00:00:00$w2021-01-12$yBOO$OKoopman
=999  \\$d6045

