=LDR  01549ccm a2200313 a 4500
=001  6059
=005  20250120120230.0
=008  940128s1993\\\\enkana\\\hi\\\\n\\\\eng\d
=010  \\$a   94770847 
=020  \\$a0852498144 (pbk.)
=035  \\$a(OCoLC)29699397
=040  \\$aOCU$cOCU$dDLC
=042  \\$alccopycat
=045  2\$bd1680$bd1701
=100  \\$aBlow, John$d1649-1708$4cmp$1http://www.wikidata.org/entity/Q311110$99684
=240  10$9363$aAnthems.$kSelections
=245  00$aAnthems with strings /$cJohn Blow ; transcribed and edited by Bruce Wood.
=260  \\$aLondon :$bStainer and Bell,$c1993.
=300  \\$a1 score (xl, 181 p.) :$b4 facsims. ;$c33 cm.
=490  1\$aMusica Britannica,$v3
=505  0\$aArise, O Lord -- Cry aloud, and spare not -- I will hearken -- O give thanks unto the Lord, and call upon his Name -- O sing unto the Lord a new song: for he hath done marvellous things -- The kings of Tharsis -- The Lord is King, and hath put on glorious apparel (version in G minor) -- When Israel came  out of Egypt -- When the Lord turned again the captivity of Sion.
=650  \0$aAnthem$1http://www.wikidata.org/entity/Q541947$92161
=650  \0$aChoral music$1http://www.wikidata.org/entity/Q1076513$94368
=650  \0$aPsalm$1http://www.wikidata.org/entity/Q12497663$92164
=700  \\$aWood, Bruce$d1945-2023$99687
=800  1\$aBlow, John$d1649-1708$99684
=942  \\$cSCO
=952  \\$00$10$40$70$8SCO$96058$aORPH$bORPH$cKTS1_P$d2021-01-12$l0$p20121630$r2021-01-12 00:00:00$w2021-01-12$ySCO$OW.0992-LXIV
=999  \\$c6059$d6059

