=LDR  01046nam a2200217 a 4500
=001  6061
=008  940201s1990\\\\fr\af\\\\d\\\\000\0dfre\d
=041  \\$afre
=100  \\$aBluche, François$d1925-2018$1http://www.wikidata.org/entity/Q3084005$4edt$99690
=245  00$aDictionnaire du Grand Siècle
=260  \\$aParis$bFayard$c1990
=300  \\$a1640 pages - [24] pages of plates
=600  \0$aLouis XIV$cKing of France$d1638-1715$1http://www.wikidata.org/entity/Q7742$99829
=648  \0$a17th Century (1601-1700)$1http://www.wikidata.org/entity/Q7016$920923
=648  \0$a18th Century (1701-1800)$1http://www.wikidata.org/entity/Q7015$920899
=650  \0$aDictionary$1http://www.wikidata.org/entity/Q23622$921580
=650  \0$aHistory$1http://www.wikidata.org/entity/Q309$921403
=651  \0$aFrance$1http://www.wikidata.org/entity/Q142$9131
=942  \\$cBOO
=952  \\$00$10$2ddc$40$6TOP_FR_5_000000000000000$70$8TOP$96060$aORPH$bORPH$cKTS0$d2021-01-12$eKoopman$i30A19$l0$oTOP FR 5$p20123426$r2021-01-12 00:00:00$w2021-01-12$yBOO$OKoopman
=999  \\$d6061

