=LDR  01177cam a2200265 a 4500
=001  6068
=003  OSt
=005  20250120120230.0
=008  930517s1992\\\\gw\g\\\\\b\\\\001\0\ger\\
=020  \\$a3873971224
=040  \\$aOI
=041  \\$ager
=100  \\$aBlume, Jürgen$d1946-$4aut$99693
=245  10$aGeschichte der mehrstimmigen Stabat-mater-Vertonungen
=260  \\$aMunich$bKatzbichler$c1992
=300  \\$a2 vols. (164+282 pages)$c24 cm.
=490  \\$aMusikwissenschaftliche Schriften
=504  \\$aIncludes bibliographical references (v. 1, p. 266-272) and index.
=650  \0$aMusic history$1http://www.wikidata.org/entity/Q846047$921373
=650  \0$aChoral music$1http://www.wikidata.org/entity/Q1076513$94368
=650  \0$aReligion$1http://www.wikidata.org/entity/Q9174$93062
=942  \\$cBOO
=952  \\$00$10$2ddc$3Band 1$40$6GEN_2_000000000000000$70$8GEN$96066$aORPH$bORPH$cKM12_1$d2021-01-12$eKoopman$oGEN2$p20120131$r2021-01-12 00:00:00$w2021-01-12$yBOO
=952  \\$00$10$2ddc$3Band 2 : Notenbeispiele, Fussnoten $40$6GEN_2_000000000000000$70$8GEN$96067$aORPH$bORPH$cKM12_1$d2021-01-12$eKoopman$oGEN2$p20120132$r2021-01-12 00:00:00$w2021-01-12$yBOO
=999  \\$d6068

