=LDR  01276aam a2200241   4500
=001  6070
=008  250228s1891\\\\|||a||||\||||\00|\0\\\\\d
=100  \\$aBlumner, Martin$d1827-1901$1http://www.wikidata.org/entity/Q175536$939809$4aut
=245  \\$aGeschichte der Sing-Akademie zu Berlin
=260  \\$c1891$aBerlin$bHorn und Raasch
=300  \\$a256 pages
=500  \\$aMit Bildnis des Stifters Fasch nach einer Radirung von Gottfried Schadow
=590  \\$aEin Festgabe zur Säcularfeier am 24. Mai 1891.
=610  \0$aBerliner Singakademie (Berlin, Germany)$1http://www.wikidata.org/entity/Q521789$91299
=648  \0$a18th Century (1701-1800)$1http://www.wikidata.org/entity/Q7015$920899
=648  \0$a19th Century (1801-1900)$1http://www.wikidata.org/entity/Q6955$920935
=650  \0$aSinging$1http://www.wikidata.org/entity/Q27939$92767
=650  \0$aMusic history$1http://www.wikidata.org/entity/Q846047$921373
=650  \0$aMusic education$1http://www.wikidata.org/entity/Q27908$921766
=651  \0$aBerlin (Germany)$1http://www.wikidata.org/entity/Q64$948
=942  \\$cBOO
=952  \\$00$10$2ddc$40$6TOP_DE_BER_5_000000000000000$70$8TOP$96069$aORPH$bORPH$cKTS0$d2021-01-12$eKoopman$i22D39$l0$oTOP DE.BER 5$p20128439$r2021-01-12 00:00:00$w2021-01-12$yBOO$OKoopman
=999  \\$d6070

