=LDR  00315    a2200109   4500
=001  6071
=100  \\$aBo, C.$99697
=245  \\$aIl Palazzo Ducale di Urbino
=260  \\$c1985
=942  \\$cBOO
=952  \\$00$10$40$70$96070$aORPH$bORPH$cLOC_UNK$d2021-01-12$l0$p20120412$r2021-01-12 00:00:00$w2021-01-12$yTYPE_UNK$OKoopman
=999  \\$c6071$d6071

