=LDR  01797aam a2200313   4500
=001  6077
=008  250507s1917\\\\|||af|||\||||\001\0dger\d
=041  \\$ager
=100  \\$aBode, Wilhelm$d1845-1929$1http://www.wikidata.org/entity/Q64607$99706
=245  \\$aDer weimarische Musenhof 1756-1781
=250  \\$a2nd Ed.
=260  \\$c1917$aBerlin$bMittler
=300  \\$axii-498 pages
=500  \\$aBode was a German art historian and museum expert, regarded as the co-founder of the modern museum system. He was one of the central figures in German culture in the late 19th and early 20th centuries.
=600  \0$aGoethe, Johann Wolfgang von$d1749-1832$1http://www.wikidata.org/entity/Q5879$911175
=600  \0$a Karl August von Sachsen-Weimar-Eisenach$d1757-1828$1http://www.wikidata.org/entity/Q213533$940170
=600  \0$aWieland, Christoph Martin$d1733-1813$1http://www.wikidata.org/entity/Q154010$98381
=648  \0$a18th Century (1701-1800)$1http://www.wikidata.org/entity/Q7015$920899
=650  \0$aCultural history$1http://www.wikidata.org/entity/Q858517$922395
=650  \0$aTheater history$1http://www.wikidata.org/entity/Q1061140$94607
=650  \0$aMusic history$1http://www.wikidata.org/entity/Q846047$921373
=650  \0$aLiterature$1http://www.wikidata.org/entity/Q8242$94439
=650  \0$aFine art$1http://www.wikidata.org/entity/Q219625$921579
=650  \0$aNobility$1http://www.wikidata.org/entity/Q134737$93602
=650  \0$aCourt$1http://www.wikidata.org/entity/Q1134237$922191
=651  \0$aWeimar (Germany)$1http://www.wikidata.org/entity/Q3955$921645
=942  \\$cBOO
=952  \\$00$10$2ddc$40$6TOP_DE_WEI1_5_000000000000000$70$8TOP$96076$aORPH$bORPH$cKTS0$d2021-01-12$eKoopman$i43E17$l0$oTOP DE.WEI1 5$p20127140$r2021-01-12 00:00:00$w2021-01-12$yBOO$OKoopman
=999  \\$d6077

