=LDR  01089cam a2200265 a 4500
=001  6087
=005  20250120115849.0
=008  881109s1988\\\\ne\\\\\\\bc\\f001\0\dut\\
=020  \\$a9062590527
=040  \\$aOI
=110  2\$aKoninklijke Bibliotheek (Netherlands)
=245  10$aCatalogus van de liturgische handschriften van de Koninklijke Bibliotheek /$csamengesteld door P.C. Boeren met medewerking van A.S. Korteweg en G. Piket.
=260  \\$a's-Gravenhage :$bKoninklijke Bibliotheek,$c1988.
=300  \\$axiv, 263 p. ;$c25 cm.
=504  \\$aIncludes bibliographical references and indexes.
=610  20$aCatholic Church$xLiturgy$xManuscripts$vCatalogs.
=650  \0$aCatalog$zNetherlands$vCatalogs.
=610  20$aKoninklijke Bibliotheek (Netherlands)$vCatalogs.
=700  1\$aBoeren, P. C.,$d1909-1994.
=700  1\$aKorteweg, A. S.
=700  1\$aPiket, G.
=952  \\$00$10$40$70$96086$aORPH$bORPH$cLOC_UNK$d2021-01-12$l0$p20120602$r2021-01-12 00:00:00$w2021-01-12$yTYPE_UNK$OKoopman
=999  \\$c6087$d6087
=651  \0$aNetherlands$1http://www.wikidata.org/entity/Q55$9173
=942  \\$cBOO

