=LDR  01154nam a2200265 a 4500
=001  6100
=005  20250120115959.0
=008  850326s1985\\\\ne\a\\\\\b\\\\001\0\dut\\
=010  \\$a   85134410 
=020  \\$a9062037666 :$cfl 30.00
=040  \\$aOI
=041  \\$adut
=245  13$aDe Westlandse rederijkerskamers in de 16e en 17e eeuw,$bmet een tekstuitgave, inleiding en aantekeningen van het Spel van sinne "De Wortel van rethoorijka"
=260  \\$aAmsterdam$bRodopi$c1985
=300  \\$a195 p. :$bill. ;$c23 cm.
=504  \\$aBibliography: p. 173-176.
=648  \0$a16th Century (1501-1600)$1http://www.wikidata.org/entity/Q7017$920944
=648  \0$a17th Century (1601-1700)$1http://www.wikidata.org/entity/Q7016$920923
=650  \0$aRhetoricians$1http://www.wikidata.org/entity/Q1483341$92186
=651  \0$aNetherlands$1http://www.wikidata.org/entity/Q55$9173
=700  \\$aBoheemen, F. C. van$4aut$99732
=700  \\$aHeijden, Th. C. J. van der$99733
=942  \\$cBOO
=952  \\$00$10$2ddc$40$6TOP_NL_4_000000000000000$70$8TOP$96099$aORPH$bORPH$cKTS0$d2020-07-09$eKoopman$i19F35$oTOP NL 4$p20125237$r2021-01-12 00:00:00$w2021-01-12$yBOO
=999  \\$d6100

