=LDR  01532cam a2200337 a 4500
=001  6102
=005  20250120120010.0
=008  890428s1986\\\\ne\a\\\\\bc\\f001\0\dut\\
=020  \\$a9012052343
=040  \\$aOI
=100  \\$aBoheemen, Petra van$99734
=245  14$aHet boek in Nederland in de 16de eeuw /$cP. van Boheemen, N.J.P. van der Lof, E. van Meurs.
=250  \\$a2e druk.
=260  \\$a's-Gravenhage :$bRijksmuseum Meermanno-Westreenianum/Museum van het Boek :$bStaatsuitgeverij,$c1986.
=300  \\$a108 p. :$bill. (some col.) ;$c30 cm.
=504  \\$aBibliography: p. 99-103.
=650  \0$aBook$1http://www.wikidata.org/entity/Q571$92285
=650  \0$aPrinting$1http://www.wikidata.org/entity/Q11034$921936
=650  \0$aApplied arts$1http://www.wikidata.org/entity/Q2865882$921627
=650  \0$aPrinting$1http://www.wikidata.org/entity/Q11034$921936
=650  \0$aManuscript$1http://www.wikidata.org/entity/Q87167$92275
=650  \0$aManuscript$1http://www.wikidata.org/entity/Q87167$92275
=650  \0$aManuscript$1http://www.wikidata.org/entity/Q87167$92275
=651  \0$aNetherlands$1http://www.wikidata.org/entity/Q55$9173
=700  \\$aLof, N. J. P. van der$99735
=700  \\$aMeurs, E. van$99736
=710  \\$aMuseum Meermanno (The Hague, Netherlands)$1http://www.wikidata.org/entity/Q2754878$91237
=942  \\$cBOO
=952  \\$00$10$40$70$96101$aORPH$bORPH$cLOC_UNK$d2021-01-12$l0$p20125195$r2021-01-12 00:00:00$w2021-01-12$yTYPE_UNK$OKoopman
=999  \\$c6102$d6102
=490  \\$aDe Eeuw van de beeldenstorm

