=LDR  00982cam a2200253 a 4500
=001  6114
=005  20250120115947.0
=008  880624s1986\\\\it\\\\\\\bc\\\001\0\ita\\
=020  \\$a8870630439 :$cL55000
=040  \\$aOI
=100  \\$aBolcato, Vittorio,$d-1938$99747
=245  13$aIl fondo musicale dell'Archivio capitolare del Duomo di Vicenza /$cVittorio Bolcato, Alberto Zanotelli.
=260  \\$aTorino :$bEdt/Musica,$cc1986.
=300  \\$axxx, 514 p. ;$c24 cm.
=504  \\$aIncludes bibliographical references.
=650  \0$aMusic$92062
=610  \0$aCattedrale (Vicenza, Italy)$91241
=700  \\$aZanotelli, Alberto$99748
=710  \\$aCattedrale (Vicenza, Italy)$91241
=710  \\$aAssociazione veneta per la ricerca delle fonti musicali (Venice, Italy)$91242
=942  \\$cBOO
=952  \\$00$10$40$70$96113$aORPH$bORPH$cLOC_UNK$d2021-01-12$l0$p20127215$r2021-01-12 00:00:00$w2021-01-12$yTYPE_UNK$OKoopman
=999  \\$c6114$d6114
=490  \\$aCataloghi di fondi musicali italiani ;

