=LDR  01598aam a2200265   4500
=001  6133
=008  250617s1925\\\\|||aof||\b|||\00|\0\fre\d
=041  \\$afre
=100  \\$aBonnenfant, Georges$d1876-1955$99766
=245  \\$aLa cathedrale d'Evreux
=260  \\$c1925$aParis$bHenri Laurens
=300  \\$a96 pages
=490  \\$aPetites monographies des grands édifices de la France. 
=500  \\$aGeorges Bonnenfant, better known as Canon Bonnenfant, was a Catholic priest from the diocese of Évreux, historian and great scholar. Ordained to the priesthood in 1902, he was titular canon of Évreux cathedral and also taught at the town's seminary. He is the author of numerous works on religious history and local art history. He was awarded several prizes by the Académie française:
=610  \0$aCathédrale Notre-Dame d'Évreux (France)$1http://www.wikidata.org/entity/Q2918846$940391
=650  \0$aArchitecture$1http://www.wikidata.org/entity/Q12271$93185
=650  \0$aChurch$1http://www.wikidata.org/entity/Q16970$93776
=650  \0$aInterior design$1http://www.wikidata.org/entity/Q179232$921367
=650  \0$aApplied arts$1http://www.wikidata.org/entity/Q2865882$921627
=650  \0$aSculpture$1http://www.wikidata.org/entity/Q860861$92483
=650  \0$aCatholicism$1http://www.wikidata.org/entity/Q1841$921631
=651  \0$aÉvreux (France)$1http://www.wikidata.org/entity/Q171800$940392
=942  \\$cBOO
=952  \\$00$10$2ddc$40$6TOP_FR_EVR$70$8TOP$96132$aORPH$bORPH$cKTS0$d2021-01-12$eKoopman$i44E13$l0$oTOP FR.EVR$p20126584$r2021-01-12 00:00:00$w2021-01-12$yBOO$OKoopman
=999  \\$d6133

