=LDR  00416    a2200121   4500
=001  6136
=020  \\$a9788870966169
=100  \\$aBononcini, Giovanni$d1670-1747$4cmp$1http://www.wikidata.org/entity/Q315241$99772
=245  \\$aLa Conversione di Maddalena
=260  \\$c2010
=942  \\$cSCO
=952  \\$00$10$40$70$8SCO$96135$aORPH$bORPH$cKTS1_P$d2021-01-12$l0$p20121874$r2021-01-12 00:00:00$w2021-01-12$ySCO$OW.2709 -IV
=999  \\$c6136$d6136

