=LDR  00848aam a2200193   4500
=001  6152
=008  250602s1914\\\\|||g||||\||||\00|\0\fre\d
=041  \\$afre
=100  \\$aBorrel, E.$99786
=245  \\$aContribution à l'interprétation de la musique française au XVIIIe siècle
=260  \\$c1914$aParis$bSchola
=300  \\$a61 pages
=648  \0$a18th Century (1701-1800)$1http://www.wikidata.org/entity/Q7015$920899
=650  \0$aHistorically informed performance$1http://www.wikidata.org/entity/Q1344860$920980
=650  \0$aManual$1http://www.wikidata.org/entity/Q393899$925387
=651  \0$aFrance$1http://www.wikidata.org/entity/Q142$9131
=942  \\$cBOO
=952  \\$00$10$2ddc$40$6TOP_FR_5_000000000000000$70$8TOP$96151$aORPH$bORPH$cKTS0$d2021-01-12$eKoopman$i18B62$l0$oTOP FR 5$p20127708$r2021-01-12 00:00:00$w2021-01-12$yBOO$OKoopman
=999  \\$d6152

