=LDR  00343    a2200121   4500
=001  6166
=020  \\$a9068611585
=100  \\$aBos, S. B.$99794
=245  \\$aUyt liefde tot malcander
=260  \\$c1998
=942  \\$cBOO
=952  \\$00$10$40$70$96165$aORPH$bORPH$cLOC_UNK$d2021-01-12$l0$p20121980$r2021-01-12 00:00:00$w2021-01-12$yTYPE_UNK$OKoopman
=999  \\$c6166$d6166

