=LDR  00879nam a2200217 a 4500
=001  6168
=005  20250120120140.0
=008  920911s1992\\\\ne\a\\\\\b\\\\000\0\dut\\
=020  \\$a9060117794
=040  \\$aOI
=100  \\$aBoschma-Aarnoudse, C.$99797
=245  10$aRenaissance-raadhuizen boven het IJ:$b"een huijs om te vergaderen ende tgerecht te houden"
=260  \\$aZutphen$bWalburg Pers$c1992
=300  \\$a103 pages$billustrations$c25 cm
=504  \\$aIncludes bibliographical references (p. 98-100).
=648  \0$aRenaissance (1400-1600)$1http://www.wikidata.org/entity/Q4692$920965
=650  \0$aArchitecture$1http://www.wikidata.org/entity/Q12271$93185
=651  \0$aNetherlands$1http://www.wikidata.org/entity/Q55$9173
=942  \\$cBOO
=952  \\$00$10$40$70$96167$aORPH$bORPH$cLOC_UNK$d2021-01-12$l0$p20120264$r2021-01-12 00:00:00$w2021-01-12$yTYPE_UNK$OKoopman
=999  \\$d6168

