=LDR  01720cam a2200373 a 4500
=001  6175
=005  20250120115933.0
=008  000308m19999999ne\a\\\\\bc\\\001\0\dut\c
=010  \\$a   00309203 
=020  \\$a904009358X (v. 1)
=020  \\$a9040095868 (v. 2)
=020  \\$a9789040083549 (v. 4)
=035  \\$a(DLC)11935600
=040  \\$aCGU$cCGU$dDLC
=041  0\$adut$beng
=042  \\$apcc
=043  \\$ae-ne---
=110  \\$aHaags Gemeentemuseum (The Hague, Netherlands)$91193
=245  10$aDelfts aardewerk :$bgeschiedenis van een nationaal product /$cMarion S. van Aken-Fehmers ... [et al. ; redactie, Titus M. Eliëns].
=260  \\$aZwolle :$bWaanders Uitgevers ;$aDen Haag :$bGemeentemuseum Den Haag,$c1999-<c2007>
=300  \\$a<1-2, 4> v. :$bill. (some col.) ;$c32 cm.
=504  \\$aIncludes bibliographical references and index.
=505  1\$ad. 1. [no special title] -- d. 2. [no special title] -- d. 4. Vazen met tuiten = Vases with spouts
=546  \\$aSummary in English.
=610  \0$aHaags Gemeentemuseum (The Hague, Netherlands)$91193
=650  \0$aApplied arts$1http://www.wikidata.org/entity/Q2865882$921627
=651  \0$aNetherlands$1http://www.wikidata.org/entity/Q55$9173
=700  \\$aAken-Fehmers, Marion S. van$99065
=700  \\$aEliëns, Titus M.$d-1954$99066
=942  \\$cBOO
=952  \\$00$10$40$70$95362$aORPH$bORPH$cLOC_UNK$d2021-01-12$l0$p20126643$r2021-01-12 00:00:00$w2021-01-12$yTYPE_UNK$OKoopman
=952  \\$00$10$40$70$95363$aORPH$bORPH$cLOC_UNK$d2021-01-12$l0$p20126642$r2021-01-12 00:00:00$w2021-01-12$yTYPE_UNK$OKoopman
=952  \\$00$10$40$70$96174$aORPH$bORPH$cLOC_UNK$d2021-01-12$l0$p20126640$r2021-01-12 00:00:00$w2021-01-12$yTYPE_UNK$OKoopman
=999  \\$d6175

