=LDR  01679    a2200265   4500
=001  6177
=100  \\$aBossert, Gustav$d1841-1925$1http://www.wikidata.org/entity/Q19209619$99809$4aut
=245  \\$aDie Hofkapelle unter Herzog Ulrich 1498-1550, Herzog Christoph 1550-1568, Herzog Ludwig 1568-1593, Herzog Friedrich 1593-1608, Johann Friedrich 1608-1628, Eberhard III 1628-1657
=246  \1$a6 artikelen over Die Hofkapelle / die Hofkantorei in de 16e en 17e eeuw
=300  \\$a[322 pages]
=490  \\$aWürttembergische Vierteljahrshefte für Landesgeschichte. Neue Folge$vVII. 1898 - IX 1900 - XIX 1910 -  XX 1911 - XXI 1912 - XXV Festband 1916 
=648  \0$a16th Century (1501-1600)$1http://www.wikidata.org/entity/Q7017$920944
=648  \0$a17th Century (1601-1700)$1http://www.wikidata.org/entity/Q7016$920923
=650  \0$aMusic history$1http://www.wikidata.org/entity/Q846047$921373
=650  \0$aNobility$1http://www.wikidata.org/entity/Q134737$93602
=650  \0$aCappella$1http://www.wikidata.org/entity/Q19902156$922910
=650  \0$aCourt$1http://www.wikidata.org/entity/Q1134237$922191
=650  \0$aPatronage$1http://www.wikidata.org/entity/Q214092$94245
=650  \0$aMusician$1http://www.wikidata.org/entity/Q639669$93574
=650  \0$aOrchestra$1http://www.wikidata.org/entity/Q42998$93159
=651  \0$aDuchy of Württemberg (Germany)$1http://www.wikidata.org/entity/Q2227570$940163
=651  \0$aStuttgart (Germany)$1http://www.wikidata.org/entity/Q1022$921909
=942  \\$cBOO
=952  \\$00$10$2ddc$40$6TOP_DE_WUR$70$8TOP$96176$aORPH$bORPH$cKTS0$d2021-01-12$eKoopman$i44C10$l0$oTOP DE.WUR$p20126661$r2021-01-12 00:00:00$w2021-01-12$yBOO$OKoopman
=999  \\$d6177

