=LDR  00998cam a22002414a 4500
=001  6194
=005  20250120115948.0
=008  050526s2005\\\\be\a\\\\\bc\\\001\0\ita\\
=020  \\$a2503518028 (acid-free paper)
=040  \\$aOI
=100  \\$aBottegal, Attilio$99832
=245  13$aIl Fondo musicale Albert Dunning, Università degli studi di Pavia, Facoltà di musicologia, Cremona :$bcatalogo /$ca cura di Attilio Bottegal & Pietro Zappalà.
=246  30$aFondo musicale Albert Dunning
=260  \\$aTurnhout :$bBrepols,$c2005.
=300  \\$axiii, 118 p. :$bill. ;$c24 cm.
=504  \\$aIncludes bibliographical references (p. xi-xii) and index.
=610  \0$aFondo musicale Albert Dunning (Pavia, Italy)$91251
=650  \0$aMusic$92062
=700  \\$aZappalà, Pietro$99833
=710  \\$aFondo musicale Albert Dunning (Pavia, Italy)$91251
=942  \\$cBOO
=952  \\$00$10$40$70$96193$aORPH$bORPH$cLOC_UNK$d2021-01-12$l0$p20129147$r2021-01-12 00:00:00$w2021-01-12$yTYPE_UNK$OKoopman
=999  \\$c6194$d6194

