=LDR  00324    a2200109   4500
=001  6206
=100  \\$aBouquet, M.T.$99842
=245  \\$aMusique et musiciens à Turin
=260  \\$c1968
=942  \\$cBOO
=952  \\$00$10$40$70$96205$aORPH$bORPH$cLOC_UNK$d2021-01-12$l0$p20128057$r2021-01-12 00:00:00$w2021-01-12$yTYPE_UNK$OKoopman
=999  \\$c6206$d6206

