=LDR  01271cam a2200265 a 4500
=001  6214
=005  20250121142120.0
=008  880208s1989\\\\miua\\\\\b\\\\001\0\eng\\
=020  \\$a0835718727 (alk. paper)
=040  \\$aOI
=051  \\$aML85$b.B66 1989 Copy 2$cCopy 2. Gift of Dr. Edmund A. Bowles, July 21, 1993.
=100  \\$aBowles, Edmund Addison$d-1925$99848
=245  10$aMusical Ensembles in Festival Books, 1500-1800:$bAn Iconographical & Documentary Survey
=260  \\$aAnn Arbor, Mich. :$bUMI Research Press,$cc1989.
=300  \\$axxii, 583 p. :$bill. ;$c23 x 29 cm.
=490  1\$aStudies in music ;$vno. 103
=504  \\$a"Annotated bibliography": p. 547-571.
=648  \0$a16th Century (1501-1600)$1http://www.wikidata.org/entity/Q7017$920944
=648  \0$a17th Century (1601-1700)$1http://www.wikidata.org/entity/Q7016$920923
=648  \0$a18th Century (1701-1800)$1http://www.wikidata.org/entity/Q7015$920899
=650  \0$aIconography$1http://www.wikidata.org/entity/Q208145$921259
=650  \0$aFestival book$1http://www.wikidata.org/entity/Q17590416$922319
=942  \\$cBOO
=952  \\$00$10$2ddc$40$6VIS_BOWL$70$8VIS$96213$aORPH$bORPH$cKTS1_H$d2021-01-12$eKoopman$i34B04$l0$oVIS BOWL$p20122613$r2021-01-12 00:00:00$w2021-01-12$yBOO$OKoopman
=999  \\$d6214

