=LDR  00364    a2200109   4500
=001  6216
=100  \\$aBoyce, William$d1711-1779$4cmp$1http://www.wikidata.org/entity/Q313152$96244
=245  \\$aOvertures
=260  \\$c1973
=942  \\$cSCO
=952  \\$00$10$40$70$8SCO$96215$aORPH$bORPH$cKTS1_P$d2021-01-12$l0$p20121616$r2021-01-12 00:00:00$w2021-01-12$ySCO$OW.0992-XIII
=999  \\$c6216$d6216

