=LDR  03083aam a2200313   4500
=001  6217
=008  231207r19621940|||agf||\b|||\001\0\eng\d
=041  \\$aeng
=100  \\$aBoyd, Morrison Comgys$99851$4aut
=245  \\$aElizabethan Music and Musical Criticism
=250  \\$a2nd Ed.
=260  \\$c1962$aPhiladelphia$bUniversity of Pennsylvania
=300  \\$axi-363 pages$e37 pages of handwritten notes in Dutch by Ton Koopman
=520  \\$aThe period represented by the reigns of Queen Elizabeth I and King James I of England was noteworthy not only for its literature and art but for its music. This volume offers a summary of the works on music theory published in England during that period, and illuminates Elizabethan attitudes toward music in theory and practice. Some of the works summarized treat elementary subjects such as scales, time signatures, and the correct use of chords; some take up more complex themes, such as advanced counterpoint, canon, and composition. Other sources provide detailed descriptions of common instruments, and discuss their use in composition and in the home. In addition to quoting many Elizabethan commentators on the proper use of music in the schools and in the church, the author cites Puritan attacks on music. He includes information on all the leading cathedral organists, as well as on choirboy actors and their organist teachers, and he devotes a chapter to the use of music in the plays of Shakespeare and others. Although it was the author's original intention to present only criticism written by Elizabethans, he decided to include, as a necessary aid to the reader, a brief description of the music criticized and to add a modern appraisal of it. Consequently, since all the books of compositions published in the years 1558-1625, chiefly madrigal and lute pieces, but also some church music are mentioned, with some comment on both the music and their composers, Dr. Boyd's study will serve as an excellent short history of Elizabethan music.
=534  \\$c1940
=600  \0$aElizabeth I$cQueen of England$d1533-1603$1http://www.wikidata.org/entity/Q7207$921665
=648  \0$a16th Century (1501-1600)$1http://www.wikidata.org/entity/Q7017$920944
=648  \0$a17th Century (1601-1700)$1http://www.wikidata.org/entity/Q7016$920923
=650  \0$aMusic history$1http://www.wikidata.org/entity/Q846047$921373
=650  \0$aMusic theory$1http://www.wikidata.org/entity/Q193544$92662
=650  \0$aMusic criticism$1http://www.wikidata.org/entity/Q11748889$921598
=650  \0$aLute$1http://www.wikidata.org/entity/Q180733$93944
=650  \0$aMadrigal$1http://www.wikidata.org/entity/Q193217$921649
=650  \0$aMusic history$1http://www.wikidata.org/entity/Q846047$921373
=650  \0$aChurch music$1http://www.wikidata.org/entity/Q8812109$92283
=651  \0$aUnited Kingdom$1http://www.wikidata.org/entity/Q21$9273
=942  \\$cBOO
=952  \\$00$10$2ddc$40$6TOP_GB_4_000000000000000$70$8TOP$96216$aORPH$bORPH$cKTS0$d2021-01-12$eKoopman$i20C3$l0$oTOP GB 4$p20127943$r2021-01-12 00:00:00$w2021-01-12$yBOO$OKoopman
=999  \\$d6217

