=LDR  00678aam a2200157   4500
=001  6221
=008  220922s1968\\\\||||||||\||||\00|\0\dut\d
=041  \\$adut
=100  \\$aBraat, W. C.$4aut$99855
=245  \\$aArtefact:$b150 jaar Rijksmuseum van Oudheden 1818-1968. Een keuze uit de verzamelingen
=260  \\$aLeiden$bRijksmuseum van Oudheden$c1968
=650  \0$aFine art$1http://www.wikidata.org/entity/Q219625$921579
=651  \0$aLeiden (Netherlands)$1http://www.wikidata.org/entity/Q43631$978
=942  \\$cBOO
=952  \\$00$10$2ddc$40$6VIS_BRAA$70$8VIS$96220$aORPH$bORPH$cKTS1_H$d2021-01-12$eKoopman$i43G11$l0$oVIS BRAA$p20126798$r2021-01-12 00:00:00$w2021-01-12$yBOO$OKoopman
=999  \\$d6221

