=LDR  00831cam a2200217 a 4500
=001  6223
=005  20250305123013.0
=008  810402s1981\\\\miu\\\\\\b\\\\001\0\eng\\
=020  \\$a089990002X
=040  \\$aOI
=100  \\$aBradley, Carol June$99857
=245  10$aMusic collections in American libraries :$ba chronology /$ccompiled by Carol June Bradley.
=260  \\$aDetroit :$bInformation Coordinators,$c1981.
=300  \\$axiii, 249 p. ;$c24 cm.
=490  0\$aDetroit studies in music bibliography ;$vno. 46
=504  \\$aBibliography: p. 213-219.
=650  \0$aLibrary$1http://www.wikidata.org/entity/Q7075$94229
=942  \\$cBOO
=952  \\$00$10$40$70$96222$aORPH$bORPH$cLOC_UNK$d2021-01-12$l0$p20126849$r2021-01-12 00:00:00$w2021-01-12$yTYPE_UNK$OKoopman
=999  \\$c6223$d6223
=651  \0$aUSA$1http://www.wikidata.org/entity/Q30$943

