=LDR  00449    a2200145   4500
=001  6224
=005  20230122214305.0
=041  \\$aeng
=100  \\$aBradshaw, M.C.$4aut$99858
=245  \\$aThe Origin of the Toccata
=260  \\$c1972
=300  \\$a139 pages
=942  \\$cBOO$2ddc
=952  \\$00$10$2ddc$40$6GEN_15_000000000000000$70$8GEN$96223$aORPH$bORPH$cKM12_1$d2021-01-12$eKoopman$i38E03$l0$oGEN 15$p20120399$r2021-01-12 00:00:00$w2021-01-12$yBOO
=999  \\$c6224$d6224

