=LDR  00930nam a2200205 a 4500
=001  6230
=008  930406s1991\\\\gw\afg\\\b\\\\000\0dger\|
=041  \\$ager
=100  \\$aBrandhorst, Jürgen.$99864$4aut
=245  10$aMusikgeschichte der Stadt Minden.$bStudien zur städtischen Musikkultur bis zum Ende des 19. Jahrhunderts
=260  \\$aHamburg$bK.D. Wagner$c1991
=300  \\$a330-12 pages
=490  \\$aSchriften zur Musikwissenschaft aus Münster$vBand 3
=504  \\$aIncludes bibliographical references (p. 308-330).
=648  \0$aPast$1http://www.wikidata.org/entity/Q192630$922196
=650  \0$aMusic history$1http://www.wikidata.org/entity/Q846047$921373
=651  \0$aMinden (Germany)$1http://www.wikidata.org/entity/Q3846$940116
=942  \\$cBOO
=952  \\$00$10$2ddc$40$6TOP_DE_MIN$70$8TOP$96229$aORPH$bORPH$cKTS0$d2021-01-12$eKoopman$i47F12$l0$oTOP DE.MIN$p20123798$r2021-01-12 00:00:00$w2021-01-12$yBOO$OKoopman
=999  \\$d6230

