=LDR  01262aam a2200253   4500
=001  6237
=005  20250925143257.0
=008  250324s1957\\\\|||d||||\b|||\00|\0\ger\d
=041  \\$ager
=100  \\$aBraun, Gerhard$99868$4aut
=245  \\$aDie Schulmusikerziehung in Preußen$bvon den Falkischen Bestimmungen bis zur Kestenberg-Reform
=260  \\$c1957$aKassel$bBärenreiter
=300  \\$a184 pages
=490  \\$aMusikwissenschaftliche Arbeiten herausgegeben von der Gesellschaft für Musikforschung$v11
=648  \0$a19th Century (1801-1900)$1http://www.wikidata.org/entity/Q6955$920935
=648  \0$a20th Century (1901-2000)$1http://www.wikidata.org/entity/Q6927$920936
=650  \0$aMusic education$1http://www.wikidata.org/entity/Q27908$921766
=650  \0$aInstitution$1http://www.wikidata.org/entity/Q178706$94241
=650  \0$aConservatory$1http://www.wikidata.org/entity/Q184644$926197
=650  \0$aSchool music$1http://www.wikidata.org/entity/Q1021290$93677
=651  \0$aPrussia (Germany)$1http://www.wikidata.org/entity/Q38872$9231
=942  \\$cBOO
=952  \\$00$10$2ddc$40$6TOP_DE_PRU_6_000000000000000$70$8TOP$96236$aORPH$bORPH$cKTS0$d2021-01-12$eKoopman$i41D46$l0$oTOP DE.PRU 6$p20120125$r2021-01-12 00:00:00$w2021-01-12$yBOO$OKoopman
=999  \\$d6237

