=LDR  01591cam a2200301 a 4500
=001  6238
=005  20250212090644.0
=008  070608s2007\\\\gw\agh\\\b\\\\001\0\ger\d
=020  \\$a9783487133522
=022  \\$a16183150
=041  1\$ager$hlat
=100  \\$4edt$aBraun, Werner$d1926-2012$99869
=245  10$aÜber den traurigen und fröhlichen Gesang:$b reformierte Tonsatzbetrachtungen im Musiktraktat I 4o 288 der Stadtbibliothek Leipzig (um 1600)
=260  \\$aHildesheim$bOlms$c2007
=300  \\$a2 vols. (155+? pages)
=490  1\$aStudien zur Geschichte der Musiktheorie$v6/1
=504  \\$aIncludes bibliographical references (v.1, p. [147]-149) and index
=505  0\$av. 1. Edition und Kommentar -- v. 2. Faksimile
=610  \0$aLeipziger Stadtbibliothek (Germany)$1http://www.wikidata.org/entity/Q2326875$91252
=648  \0$a17th Century (1601-1700)$1http://www.wikidata.org/entity/Q7016$920923
=650  \0$aComposing$1http://www.wikidata.org/entity/Q92186587$93076
=650  \0$aMusic theory$1http://www.wikidata.org/entity/Q193544$92662
=650  \0$aManuscript$1http://www.wikidata.org/entity/Q87167$92275
=650  \0$aLute$1http://www.wikidata.org/entity/Q180733$93944
=942  \\$cBOO
=952  \\$00$10$2ddc$3I. Teil: Edition und Kommentar$40$6TRE_BRAU$70$8TRE$96237$aORPH$bORPH$cKTS1_H$d2021-07-08$eKoopman$i25C40_01$oTRE BRAU$p20129264$r2021-01-12 00:00:00$w2021-01-12$yBOO
=952  \\$00$10$2ddc$3II. Teil: Faksimile $40$6TRE_BRAU$70$8TRE$920027$aORPH$bORPH$cKTS1_H$d2020-07-08$eKoopman$i25C40_02$oTRE BRAU$p20129263$r2021-04-10 00:00:00$w2021-04-10$yBOO
=999  \\$d6238

