=LDR  01094cam a22003137a 4500
=001  6239
=005  20211001160116.0
=008  051125s2005\\\\gw\\\\\\\b\\\\100\0\ger\d
=010  \\$a  2006364301
=016  7\$a976195054$2GyFmDB
=020  \\$a3110180375 (hd.bd.)
=020  \\$a9783110180374 (hd.bd.)
=035  \\$a(OCoLC)ocm62229713
=040  \\$aOHX$cOHX$dBAKER$dIUL$dIAY$dBTCTA$dYDXCP$dDLC
=042  \\$alccopycat
=072  \7$aB$2lcco
=072  \7$aHB$2lcco
=245  00$aAdam Smith als Moralphilosoph /$cherausgegeben von Christel Fricke und Hans-Peter Schütt.
=260  \\$aBerlin ;$aNew York :$bDe Gruyter,$c2005.
=300  \\$aviii, 389 p. ;$c24 cm.
=500  \\$aPapers from an international colloquium, June 2003, Heidelberg.
=504  \\$aIncludes bibliographical references.
=600  10$aSmith, Adam,$d1723-1790$vCongresses.
=650  \0$aEthics$vCongresses.
=700  1\$aFricke, Christel.
=700  1\$aSchütt, Hans-Peter.
=952  \\$00$10$2ddc$40$70$96238$aORPH$bORPH$cLOC_UNK$d2021-01-12$l0$r2021-01-12 00:00:00$w2021-01-12$yTYPE_UNK
=999  \\$c6239$d6239
=942  \\$cBOO

