=LDR  00816aam a2200181   4500
=001  6246
=008  250428s1908\\\\|||afo||\b|||\00|\0\ger\d
=100  \\$aGrautoff, Otto$d1876-1937$1http://www.wikidata.org/entity/Q104952$99874$4aut
=245  \\$aLübeck
=260  \\$c1908$aLeipzig$bKlinkhardt & Biermann
=300  \\$a[x]-164 pages
=490  \\$aStätten der Kultur$vBand 9
=650  \0$aHistory$1http://www.wikidata.org/entity/Q309$921403
=651  \0$aLübeck (Germany)$1http://www.wikidata.org/entity/Q2843$9125
=700  \\$aHöppener, Hugo Reinhold Karl Johann $d1868-1948$1http://www.wikidata.org/entity/Q880532$4bkd$940096
=942  \\$cBOO
=952  \\$00$10$2ddc$40$6TOP_DE_LUB$70$8TOP$96245$aORPH$bORPH$cKTS0$d2021-01-12$eKoopman$i37A13$l0$oTOP DE.LUB$p20120623$r2021-01-12 00:00:00$w2021-01-12$yBOO$OKoopman
=999  \\$d6246

