=LDR  01459aam a2200289   4500
=001  6253
=008  210506r19771911\\\g||||\||||\001\0dfre\d
=041  \\$afre
=100  \\$aBrenet, Michel$d1858-1918$4aut$1http://www.wikidata.org/entity/Q4939701$99881
=245  \\$aMusique et musiciens de la vieille France
=260  \\$aParis$bAlcan$c1977
=300  \\$a207 pages
=490  \\$aÉditions d'aujourd'hui
=500  \\$aThe author's real name was Marie Bobillier
=534  \\$aFacsimile of the original publication, 1911
=600  \0$aOckeghem, Johannes$dc. 1410-1497$1http://www.wikidata.org/entity/Q143059$916500
=600  \0$aMauduit, Jacques$d1557-1627$1http://www.wikidata.org/entity/Q675908$922413
=600  \0$aPhilip III of France$d1245-1285$1http://www.wikidata.org/entity/Q172203$940278
=648  \0$aRenaissance (1400-1600)$1http://www.wikidata.org/entity/Q4692$920965
=648  \0$aMiddle Ages (500-1400)$1http://www.wikidata.org/entity/Q12554$920964
=648  \0$a17th Century (1601-1700)$1http://www.wikidata.org/entity/Q7016$920923
=650  \0$aMusic history$1http://www.wikidata.org/entity/Q846047$921373
=650  \0$aCappella$1http://www.wikidata.org/entity/Q19902156$922910
=651  \0$aFrance$1http://www.wikidata.org/entity/Q142$9131
=942  \\$cBOO
=952  \\$00$10$2ddc$40$6TOP_FR_4_000000000000000$70$8TOP$96252$aORPH$bORPH$cKTS0$d2021-01-12$eKoopman$i20D33$l0$oTOP FR 4$p20125309$r2021-01-12 00:00:00$w2021-01-12$yBOO
=999  \\$d6253

