=LDR  00823    a2200193   4500
=001  6255
=005  20250120120204.0
=008  210506s1913\\\\\\\|||||\||||\00|\0\fre\d
=041  \\$afre
=100  \\$aBrenet, Michel$d1858-1918$4aut$1http://www.wikidata.org/entity/Q4939701$99881
=245  \\$aLa musique militaire :$bétude critique illustrée de douze planches hors texte
=260  \\$aParis$bLaurens$c[1913]
=300  \\$a127 pages
=490  \\$aLes musiciens célèbres
=650  \0$aMilitary history$1http://www.wikidata.org/entity/Q192781$93874
=650  \0$aMusic history$1http://www.wikidata.org/entity/Q846047$921373
=942  \\$cBOO$2ddc
=952  \\$00$10$2ddc$40$6GEN_15_000000000000000$70$8GEN$96254$aORPH$bORPH$cKM12_1$d2021-01-12$eKoopman$i44E60$l0$oGEN 15$p20126538$r2021-01-12 00:00:00$w2021-01-12$yBOO
=999  \\$c6255$d6255

