=LDR  01295cam a2200301 a 4500
=001  6259
=005  20250605143419.0
=008  031212s2003\\\\ne\a\\\\\b\\\\001\0\eng\\
=010  \\$a  2004365285
=020  \\$a9061942292 (hbk.)
=035  \\$a(OCoLC)ocm53903511
=040  \\$aOHX$cOHX$dDLC
=041  \\$aeng
=100  \\$aBreugelmans, R.$4aut$99885
=245  10$aFac et spera:$bJoannes Maire, Publisher, Printer and Bookseller in Leiden, 1603-1657. A Bibliography of his Publications
=260  \\$a't Goy-Houten$bHes & de Graaf$c2003
=300  \\$ax, 758 p. :$bill. ;$c25 cm +$e1 CD-ROM (4 3/4 in.)
=490  \\$aBibliotheca bibliographica Neerlandica
=500  \\$aPhD dissertation
=600  \0$aMaire, Joannes$d15??-1657$1http://www.wikidata.org/entity/Q64697862$99886
=648  \0$a17th Century (1601-1700)$1http://www.wikidata.org/entity/Q7016$920923
=650  \0$aBook$1http://www.wikidata.org/entity/Q571$92285
=650  \0$aPrinting$1http://www.wikidata.org/entity/Q11034$921936
=650  \0$aTranslation$1http://www.wikidata.org/entity/Q7553$92492
=651  \0$aLeiden (Netherlands)$1http://www.wikidata.org/entity/Q43631$978
=942  \\$cBOO
=952  \\$00$10$40$70$96258$aORPH$bORPH$cLOC_UNK$d2021-01-12$l0$p20120077$r2021-01-12 00:00:00$w2021-01-12$yTYPE_UNK$OKoopman
=999  \\$d6259

