=LDR  00355    a2200109   4500
=001  6260
=100  \\$aBriner, S. J.$99887
=245  \\$aKatalog der Gemälde
=260  \\$c1970
=942  \\$cBOO
=952  \\$00$10$2ddc$40$6VIS_BRIN$70$8VIS$96259$aORPH$bORPH$cKTS1_H$d2021-01-12$eKoopman$i21F66$l0$oVIS BRIN$p20125510$r2021-01-12 00:00:00$w2021-01-12$yBOO$OKoopman
=999  \\$c6260$d6260

