=LDR  00893aam a2200193   4500
=001  6261
=008  230329s1941\\\\||||||||\||||\00|\0\swe\d
=041  \\$aswe
=100  1\$aBring, Samuel E.$d1879-1965$4aut$1http://www.wikidata.org/entity/Q5586576$99888
=245  \\$aC. G. Warmholtz' och Louis de Geers bibliotek pa° Christineholm
=260  \\$c1941$aUppsala$bAlmqvist & Wiksells
=300  \\$a249 pages
=600  \0$aWarmholtz, Carl Gustaf$d1713-1785$1http://www.wikidata.org/entity/Q6232601$925955
=600  \0$aGeer, Louis de$d1888-1954$1http://www.wikidata.org/entity/Q5618692$925956
=650  \0$aLibrary$1http://www.wikidata.org/entity/Q7075$94229
=651  \0$aSweden$1http://www.wikidata.org/entity/Q34$9275
=942  \\$cBOO
=952  \\$00$10$2ddc$40$6BIB_1_000000000000000$70$8BIB$96260$aORPH$bORPH$cKTS0$d2021-01-12$l0$oBIB1$p20129339$r2021-01-12 00:00:00$w2021-01-12$yBOO$OKoopman
=999  \\$d6261

