=LDR  01658cam a2200325 a 4500
=001  6262
=005  20250925143257.0
=008  860121t19861985enk\\\\\\b\\\\001\0deng\|
=041  \\$aeng
=100  \\$aBrink, C. O.$99889$4aut
=245  10$aEnglish classical scholarship :$bhistorical reflections on Bentley, Porson, and Housman
=260  \\$aCambridge [Cambridgeshire]$bJ. Clarke$aNew York$bOxford University Press$c1986
=300  \\$ax-243 pages
=504  \\$aBibliography: p. [232]-234.
=600  \0$aBentley, Richard$d1662-1742$1http://www.wikidata.org/entity/Q712899$99890
=600  \0$aPorson, Richard$d1759-1808$1http://www.wikidata.org/entity/Q852657$99891
=600  \0$aHousman, Alfred Edward$d1859-1936$99892
=648  \0$a18th Century (1701-1800)$1http://www.wikidata.org/entity/Q7015$920899
=648  \0$a17th Century (1601-1700)$1http://www.wikidata.org/entity/Q7016$920923
=648  \0$a19th Century (1801-1900)$1http://www.wikidata.org/entity/Q6955$920935
=648  \0$a20th Century (1901-2000)$1http://www.wikidata.org/entity/Q6927$920936
=650  \0$aHistory$1http://www.wikidata.org/entity/Q309$921403
=650  \0$aEducation$926206
=650  \0$aLiterature$1http://www.wikidata.org/entity/Q8242$94439
=650  \0$aClassical education$1http://www.wikidata.org/entity/Q5128321$94599
=650  \0$aBiography$1http://www.wikidata.org/entity/Q36279$91927
=651  \0$aUnited Kingdom$1http://www.wikidata.org/entity/Q21$9273
=942  \\$cBOO
=952  \\$00$10$2ddc$40$6TOP_GB_5_000000000000000$70$8TOP$96261$aORPH$bORPH$cKTS0$d2021-01-12$eKoopman$i22B3$l0$oTOP GB 5$p20125643$r2021-01-12 00:00:00$w2021-01-12$yBOO$OKoopman
=999  \\$d6262

