=LDR  01161cam a2200253 a 4500
=001  6263
=005  20250120120000.0
=008  930914s1993\\\\ne\a\\\\\b\\\\000\0\dut\\
=020  \\$a9066303999
=040  \\$aOI
=100  \\$aBrink, Peter van den$99893
=245  14$aHet gedroomde land :$bpastorale schilderkunst in de Gouden Eeuw /$cPeter van den Brink ; met bijdragen van Hans Luijten ... [et al.] ; redactie, Peter van den Brink, Jos de Meyere.
=260  \\$aZwolle :$bWaanders ;$aUtrecht :$bCentraal Museum,$cc1993.
=300  \\$a328 p. :$bill. (some col.) ;$c29 cm.
=504  \\$aIncludes bibliographical references (p. 317-326).
=650  \0$aFine art$1http://www.wikidata.org/entity/Q219625$921579
=650  \0$aPastoral$1http://www.wikidata.org/entity/Q1472271$92271
=700  \\$aLuijten, Hans.$99894
=700  \\$aMeyere, Jos A. L. de$99895
=942  \\$cBOO
=952  \\$00$10$40$70$96262$aORPH$bORPH$cLOC_UNK$d2021-01-12$l0$p20127802$r2021-01-12 00:00:00$w2021-01-12$yTYPE_UNK$OKoopman
=999  \\$c6263$d6263
=651  \0$aNetherlands$1http://www.wikidata.org/entity/Q55$9173
=648  \0$a17th Century (1601-1700)$1http://www.wikidata.org/entity/Q7016$920923

