=LDR  00914pam a2200217 a 4500
=001  6270
=005  20250120120028.0
=008  880429s1989\\\\enka\\\\\b\\\\001\0\eng\\
=020  \\$a0521353122
=040  \\$aOI
=100  \\$aBrito, Manuel Carlos de$99902
=245  10$aOpera in Portugal in the eighteenth century /$cManuel Carlos de Brito.
=260  \\$aCambridge ;$aNew York :$bCambridge University Press,$c1989.
=300  \\$axv, 254 p. :$bill. ;$c24 cm.
=504  \\$aBibliography: p. 220-236.
=650  \0$aOpera$1http://www.wikidata.org/entity/Q1344$92468
=856  \\$uhttp://www.loc.gov/catdir/enhancements/fy0708/88016925-d.html$3Publisher description
=856  \\$uhttp://www.loc.gov/catdir/enhancements/fy0708/88016925-t.html$3Table of contents only
=942  \\$cBOO
=952  \\$00$10$40$70$96269$aORPH$bORPH$cLOC_UNK$d2021-01-12$l0$p20123410$r2021-01-12 00:00:00$w2021-01-12$yTYPE_UNK$OKoopman
=999  \\$c6270$d6270

