=LDR  00304    a2200109   4500
=001  6273
=100  \\$aBrixi, S.$4cmp$99905
=245  \\$aMagnificat
=260  \\$c1982
=942  \\$cSCO
=952  \\$00$10$40$70$8SCO$96272$aORPH$bORPH$cKTS1_P$d2021-01-12$l0$p20124211$r2021-01-12 00:00:00$w2021-01-12$ySCO$OW.0892
=999  \\$c6273$d6273

