=LDR  01298aam a2200289   4500
=001  6281
=008  250317s2005\\\\|||oa|||\b|||\00|\0|ger\d
=020  \\$a3795417309
=041  \\$ager
=100  \\$aBrommer, Hermann$99909$4edt$4aut
=245  \\$aDas Konstanzer Münster
=260  \\$c2005
=300  \\$a96 pages
=490  \\$aGrosse Kunstführer$v163
=610  \0$aKonstanzer Münster (Germany)$1http://www.wikidata.org/entity/Q427812$939904
=650  \0$aChurch$1http://www.wikidata.org/entity/Q16970$93776
=650  \0$aArchitecture$1http://www.wikidata.org/entity/Q12271$93185
=650  \0$aCatholicism$1http://www.wikidata.org/entity/Q1841$921631
=650  \0$aApplied arts$1http://www.wikidata.org/entity/Q2865882$921627
=650  \0$aCultural history$1http://www.wikidata.org/entity/Q858517$922395
=650  \0$aCultural property$1http://www.wikidata.org/entity/Q2065736$927081
=650  \0$aFine art$1http://www.wikidata.org/entity/Q219625$921579
=650  \0$aOrgan$1http://www.wikidata.org/entity/Q1444$92810
=651  \0$aKonstanz (Germany)$1http://www.wikidata.org/entity/Q3834$939903
=942  \\$cBOO
=952  \\$00$10$2ddc$40$6TOP_DE_KON$70$8TOP$96280$aORPH$bORPH$cKTS0$d2021-01-12$eKoopman$i33F19$l0$oTOP DE.KON$p20120899$r2021-01-12 00:00:00$w2021-01-12$yBOO$OKoopman
=999  \\$d6281

