=LDR  01348aam a2200241   4500
=001  6283
=005  20251003085456.0
=008  250603s1962\\\\|||gca||\bc||\001\0\fre\d
=041  \\$afre
=100  \\$aBrook, Barry S.$d1918-1997$1http://www.wikidata.org/entity/Q4864703$99910$4aut
=245  \\$aLa Symphonie Française dans la seconde moitié du XVIIIe siècle.$n1/3$pÉtude historique
=260  \\$c1962$aParis$bInstitut de Musicologie de l'Université de Paris
=300  \\$axxvi-685 pages
=490  \\$aPublications de l'Institut de Musicologie de l'Université de Paris$v3
=504  \\$ahttps://philidor.cmbv.fr/Publications/Catalogues-de-genre/Catalogue-de-la-symphonie-francaise-dans-la-seconde-moitie-du-XVIIIe-siecle-Barry-S.-Brooks
=648  \0$a18th Century (1701-1800)$1http://www.wikidata.org/entity/Q7015$920899
=650  \0$aSymphony$1http://www.wikidata.org/entity/Q9734$92527
=650  \0$aMusic history$1http://www.wikidata.org/entity/Q846047$921373
=650  \0$aCatalogue$1http://www.wikidata.org/entity/Q2352616$1http://www.wikidata.org/entity/Q6941730$921484
=651  \0$aFrance$1http://www.wikidata.org/entity/Q142$9131
=942  \\$cBOO
=952  \\$00$10$2ddc$40$6TOP_FR_5_000000000000000$70$8TOP$96282$aORPH$bORPH$cKTS0$d2021-01-12$eKoopman$i30A16$l0$oTOP FR 5$p20123429$r2021-01-12 00:00:00$w2021-01-12$yBOO$OKoopman
=999  \\$d6283

