=LDR  01484aam a2200265   4500
=001  6284
=005  20251003085456.0
=008  241218m19721997||||||||\||||\00|\0\eng\d
=041  \\$aeng
=100  \\$aBrook, Barry S.$d1918-1997$1http://www.wikidata.org/entity/Q4864703$99910
=245  \\$aThematic Catalogues in Music.$bAn Annotated Bibliography
=250  \\$a1st & 2nd
=260  \\$c1972$c1997$aHillsdale, NY$aStuyvesant$bPendragon
=300  \\$a[1st ed.] 347 pages
=300  \\$a[2nd ed.] 602 pages
=490  \\$aAnnotated reference tools un music$v5
=590  \\$aFirst edition subtitle: including printed, manuscript, and in-preparation catalogues; related literature and reviews; an essay on the definitions, history, functions, historiography, and future of the thematic catalogue. 
=650  \0$aCatalogue$1http://www.wikidata.org/entity/Q2352616$1http://www.wikidata.org/entity/Q6941730$921484
=650  \0$aBibliography$1http://www.wikidata.org/entity/Q134995$93965
=650  \0$aMusic history$1http://www.wikidata.org/entity/Q846047$921373
=700  \\$aViano, Richard J.$4edt$99911
=942  \\$cBOO
=952  \\$00$10$2ddc$40$6BIB_3_000000000000000_BROO$70$8BIB$96283$aORPH$bORPH$cKTS0$d2021-01-12$eKoopman$i37B18$l0$oBIB3 BROO$p20120591$r2021-01-12 00:00:00$w2021-01-12$yBOO$OKoopman
=952  \\$00$10$2ddc$40$6BIB_3_000000000000000_BROO$70$8BIB$924979$aORPH$bORPH$cKTS0$d2024-12-18$eKoopman$i28C15$l0$oBIB3 BROO$p20121425$r2024-12-18 12:45:15$w2024-12-18$yBOO
=999  \\$d6284

