=LDR  00729cam a22001937a 4500
=001  6288
=005  20250120115941.0
=008  810519s1981\\\\gw\a\\\\\\\\\\000\0\ger\\
=020  \\$a3920896661
=040  \\$aOI
=100  \\$4dte$aSchneider, Hans$d1921-2017$1http://www.wikidata.org/entity/Q1582360$913912
=245  00$aFestschrift Hans Schneider zum 60. Geburtstag
=260  \\$aMünchen$bE. Vögel$c1981
=300  \\$a231 pages$bill. ;$c24 cm.
=700  \\$aElvers, Rudolf$d1924-2011$99917
=700  \\$aVögel, Ernst$d1949-$4edt$922060
=942  \\$cBOO
=952  \\$00$10$2ddc$40$6REF_4_000000000000000_SCHN$70$8REF$96287$aORPH$bORPH$cKM12_1$d2021-01-12$eKoopman$i22E25$oREF4 SCHN$p20128887$r2021-01-12 00:00:00$w2021-01-12$yBOO
=999  \\$d6288

