=LDR  01371aam a2200253   4500
=001  6289
=008  250617s1965\\\\|||a||||\d|||\00|\0cfre\d
=041  \\$afre
=100  \\$aBrossard, Yolande de$d1918-2007$1http://www.wikidata.org/entity/Q100792708$99919$4aut
=245  \\$aMusiciens de Paris 1535-1792.$bActes d'État Civil d'après le fichier Laborde de la Bibliothèque Nationale
=260  \\$c1965$aParis$bPicard
=300  \\$axi-303 pages
=490  \\$aVie musicale en France sous les Rois Bourbons - 1re série: Etudes$v11
=648  \0$a16th Century (1501-1600)$1http://www.wikidata.org/entity/Q7017$920944
=648  \0$a17th Century (1601-1700)$1http://www.wikidata.org/entity/Q7016$920923
=648  \0$a18th Century (1701-1800)$1http://www.wikidata.org/entity/Q7015$920899
=650  \0$aMusician$1http://www.wikidata.org/entity/Q639669$93574
=650  \0$aDictionary$1http://www.wikidata.org/entity/Q23622$921580
=650  \0$aBiography$1http://www.wikidata.org/entity/Q36279$91927
=651  \0$aParis (France)$1http://www.wikidata.org/entity/Q90$9160
=700  \\$aDufourcq, Norbert$d1904-1990$1http://www.wikidata.org/entity/Q221775$4win$918235
=942  \\$cBOO
=952  \\$00$10$2ddc$40$6TOP_FR_PAR_4_000000000000000$70$8TOP$96288$aORPH$bORPH$cKTS0$d2021-01-12$eKoopman$i20B45$l0$oTOP FR.PAR 4$p20127959$r2021-01-12 00:00:00$w2021-01-12$yBOO$OKoopman
=999  \\$d6289

