=LDR  01148nam a2200277 a 4500
=001  6296
=005  20250120120031.0
=008  960515s1995\\\\ne\a\\\\\\\\\\001\0\dut\\
=020  \\$a9074310206
=040  \\$aOI
=041  0\$adut$beng
=100  \\$aBrouwer, Han$99927
=245  10$aLezen en schrijven in de provincie :$bde boeken van Zwolse boekverkopers 1777-1849 /$cHan Brouwer.
=260  \\$aLeiden :$bPrimavera,$c1995.
=300  \\$a360 p. :$bill. ;$c25 cm.
=546  \\$aSummary in English.
=504  \\$aIncludes bibliographical references (p. 320-338) and index.
=650  \0$aBook$1http://www.wikidata.org/entity/Q571$92285
=650  \0$aTranslation$1http://www.wikidata.org/entity/Q7553$92492
=650  \0$aBook$1http://www.wikidata.org/entity/Q571$92285
=650  \0$aTranslation$1http://www.wikidata.org/entity/Q7553$92492
=942  \\$cBOO
=952  \\$00$10$40$70$96295$aORPH$bORPH$cLOC_UNK$d2021-01-12$l0$p20128290$r2021-01-12 00:00:00$w2021-01-12$yTYPE_UNK$OKoopman
=999  \\$c6296$d6296
=651  \0$aNetherlands$1http://www.wikidata.org/entity/Q55$9173
=648  \0$a19th Century (1801-1900)$1http://www.wikidata.org/entity/Q6955$920935

