=LDR  00346    a2200109   4500
=001  6314
=100  \\$aBrown, Howard Mayer$d1930-1993$918996
=245  \\$aSixteenth-Century Instrumentation
=260  \\$c1973
=942  \\$cBOO
=952  \\$00$10$40$70$96313$aORPH$bORPH$cLOC_UNK$d2021-01-12$l0$p20127999$r2021-01-12 00:00:00$w2021-01-12$yTYPE_UNK$OKoopman
=999  \\$c6314$d6314

