=LDR  00948aam a2200205   4500
=001  6317
=005  20251003085456.0
=008  250617s1972\\\\||||||||\||||\00|\0\eng\d
=020  \\$a674592204
=041  \\$aeng
=245  \\$aMusical iconography:$ba manual for cataloguing musical subjects in Western Art before 1800
=260  \\$aBoston, MA$bHarvard University Press$c1972
=648  \0$aPast$1http://www.wikidata.org/entity/Q192630$922196
=650  \0$aIconography$1http://www.wikidata.org/entity/Q208145$921259
=650  \0$aCatalogue$1http://www.wikidata.org/entity/Q2352616$1http://www.wikidata.org/entity/Q6941730$921484
=700  \\$aBrown, Howard Mayer$d1930-1993$1http://www.wikidata.org/entity/Q3787230$4aut$918996
=700  \\$aLascelle, J.$4aut$940406
=942  \\$cBOO
=952  \\$00$10$2ddc$40$6VIS_BROW$70$8VIS$96316$aORPH$bORPH$cKTS1_H$d2021-01-12$eKoopman$i42D15$l0$oVIS BROW$p20122052$r2021-01-12 00:00:00$w2021-01-12$yBOO$OKoopman
=999  \\$d6317

