=LDR  01060cam a2200229 a 4500
=001  6318
=005  20250120120020.0
=008  960612s1996\\\\-usa\\\\\bk\\\001\0\eng\\
=041  \\$aeng
=100  \\$aBrownlow, James Arthur$d1954-$4aut$99943
=110  \\$aHistoric Brass Society$1http://www.wikidata.org/entity/Q5773406$91268
=245  14$aThe Last Trumpet:$bA History of the English Slide Trumpet
=260  \\$aStuyvesant$bPendragon Press$c1996
=300  \\$axxiv-277 pages$bill. $c24 cm.
=490  \\$aBucina: The Historic Brass Society Series$vNo. 1
=504  \\$aIncludes bibliographical references (p. 241-270), discography (p. 270), and index.
=648  \0$a19th Century (1801-1900)$1http://www.wikidata.org/entity/Q6955$920935
=650  \0$aTrumpet$1http://www.wikidata.org/entity/Q8338$92388
=650  \0$aMusic history$1http://www.wikidata.org/entity/Q846047$921373
=942  \\$cBOO
=952  \\$00$10$2ddc$40$6INS_7_000000000000000_3D_BROW$70$8INS$96317$aORPH$bORPH$cKTS0$d2021-01-12$oINS7.3d BROW$p20123627$r2021-01-12 00:00:00$w2021-01-12$yBOO
=999  \\$d6318

