=LDR  01306aam a2200253   4500
=001  6319
=008  250319s1987\\\\|||gaco|\||||\00|\0dger\d
=041  \\$ager
=110  \\$aRat der Stadt Erfurt$4edt$939948
=245  \\$aAus der Vergangenheit der Stadt Erfurt
=260  \\$c1987$aErfurt$bStadt Erfurt
=300  \\$a94 pages$billustrated backpaper and backcover 
=490  \\$aAus der Vergangenheit der Stadt Erfurt - Neue Folge$v1987 Heft 3
=505  \\$gBrück, Helga / Lebensstationen des Erfurter Musikers Johann Wilhelm Häßler (1747 bis 1822) : Ein Beitrag zu seiner Biographie 
=600  \0$aHässler, Johann Wilhelm$d1747-1822$1http://www.wikidata.org/entity/Q455105$96519
=648  \0$a18th Century (1701-1800)$1http://www.wikidata.org/entity/Q7015$920899
=648  \0$a19th Century (1801-1900)$1http://www.wikidata.org/entity/Q6955$920935
=650  \0$aMusic history$1http://www.wikidata.org/entity/Q846047$921373
=650  \0$aBiography$1http://www.wikidata.org/entity/Q36279$91927
=651  \0$aErfurt (Thuringia)$1http://www.wikidata.org/entity/Q1729$939941
=700  \\$aBrück, Helga$4ctb$99944
=942  \\$cBOO
=952  \\$00$10$2ddc$40$6TOP_DE_ERF$70$8TOP$96318$aORPH$bORPH$cKTS0$d2021-01-12$eKoopman$i46F32$l0$oTOP DE.ERF$p20126886$r2021-01-12 00:00:00$w2021-01-12$yBOO$OKoopman
=999  \\$d6319

