=LDR  00344    a2200121   4500
=001  6325
=020  \\$a9789059830363
=100  \\$aBruijne, R. de$99950
=245  \\$aGrappen en grollen
=260  \\$c2017
=942  \\$cBOO
=952  \\$00$10$40$70$96324$aORPH$bORPH$cLOC_UNK$d2021-01-12$l0$p20123790$r2021-01-12 00:00:00$w2021-01-12$yTYPE_UNK$OKoopman
=999  \\$c6325$d6325

