=LDR  00611acm a2200157   4500
=001  6332
=005  20250916091308.0
=041  \\$ager
=245  \\$aOrgelmeister$nIII
=260  \\$cs.d.
=700  \\$aBrunckhorst, Arnold$d1670-1725$1http://www.wikidata.org/entity/Q87422$4cmp$99958
=700  \\$aKneller, Andreas$d1649-1724$1http://www.wikidata.org/entity/Q175090$4cmp$941207
=700  \\$aLeyding, Georg Dieter$d1664-1710$1http://www.wikidata.org/entity/Q465319$4cmp$941208
=942  \\$cSCO
=952  \\$00$10$40$70$8SCO$96331$aORPH$bORPH$cKTS1_P$d2021-01-12$l0$p20121659$r2021-01-12 00:00:00$w2021-01-12$ySCO$OW.0472
=999  \\$d6332

