=LDR  01017cam a2200241 a 4500
=001  6334
=005  20250120120149.0
=008  001211s1999\\\\mm\a\\\\\bc\\\001\0\ita\\
=020  \\$a9990901392
=040  \\$aOI
=100  \\$aBruni, Franco$99960
=245  10$aStampe musicali italiane alla Cattedrale di Malta :$bstoria e catalogo della collezione (ACM, Mus. Pr. 1-159) /$cFranco Bruni.
=260  \\$aSan Gwann, Malta :$bPublishers Enterprises Group,$c1999.
=300  \\$a199 p. :$bill. ;$c26 cm.
=504  \\$aIncludes bibliographical references (p. 164-168) and indexes.
=610  \0$aCathedral Museum (Mdina, Malta)$91258
=650  \0$aVocal music$1http://www.wikidata.org/entity/Q685884$93319
=651  \0$aItaly$1http://www.wikidata.org/entity/Q38$922
=710  \\$aMdina Cathedral (Mdina, Malta)$91257
=710  \\$aCathedral Museum (Mdina, Malta)$91258
=942  \\$cBOO
=952  \\$00$10$40$70$96333$aORPH$bORPH$cLOC_UNK$d2021-01-12$l0$p20122511$r2021-01-12 00:00:00$w2021-01-12$yTYPE_UNK$OKoopman
=999  \\$c6334$d6334

