=LDR  00318    a2200109   4500
=001  6348
=100  \\$aBucci, M.$99972
=245  \\$aIl palazzo ducale di Urbino
=260  \\$c1969
=942  \\$cBOO
=952  \\$00$10$40$70$96347$aORPH$bORPH$cLOC_UNK$d2021-01-12$l0$p20127776$r2021-01-12 00:00:00$w2021-01-12$yTYPE_UNK$OKoopman
=999  \\$c6348$d6348

