=LDR  01394nam a2200325 a 4500
=001  6372
=003  OI
=005  20251003085456.0
=008  941027s1994\\\\ne\\\\\|r\\\\|000\||eng|d
=020  \\$a9066304685
=040  \\$aBE-GnUNI
=041  \\$aeng
=080  \\$a75:78
=100  1\$aBuijsen, Edwin$4aut
=245  14$aThe Hoogsteder Exhibition of Music and Mainting in the Golden Age
=260  \\$aThe Hague$bHoogsteder$c1994
=300  \\$a386 p.: ill. partly col.
=490  0\$aHoogsteder Exhibitions
=500  \\$aExhibition, The Hague, Hoogsteder and Hoogsteder, 11 May-10 July 1994; Antwerp, Hessenhuis museum, 29 July-30 October 1994
=518  \\$oTentoonstelling$d11/05/1994-10/07/1994$pThe Hague. Hoogsteder and Hoogsteder
=518  \\$oTentoonstelling$d29/07/1994-30/10/1994$pAntwerpen. Hessenhuis
=648  \0$a17th Century (1601-1700)$1http://www.wikidata.org/entity/Q7016$920923
=651  \0$aNetherlands$1http://www.wikidata.org/entity/Q55$9173
=700  \\$aGrijp, Louis Peter$d1954-2016$1http://www.wikidata.org/entity/Q1993783$917692
=700  1\$aHoogsteder, Willem Jan
=942  \\$cBOO
=952  \\$00$10$40$70$96371$aORPH$bORPH$cLOC_UNK$d2021-01-12$l0$p20130072$r2021-01-12 00:00:00$w2021-01-12$yBOO$OThwaites
=999  \\$c6372$d6372
=650  \0$aCatalogue$1http://www.wikidata.org/entity/Q2352616$921484
=650  \0$aFine art$1http://www.wikidata.org/entity/Q219625$921579

