=LDR  01835aam a2200241   4500
=001  6373
=008  230510s1963\\\\||||||||\||||\00|\0\dut\d
=041  \\$adut
=100  \\$aBuysero, Dirck$d1644-1707/08$1http://www.wikidata.org/entity/Q2626145$4aut$95506
=245  \\$aDe schoonste, of het ontzet van Schevening:$been Scheveningse tekst uit 1717 
=260  \\$c1963$aAmsterdam$bNoord-Hollandsche uitgeversmaatschappij 
=300  \\$a112 pages
=490  \\$aBijdragen en mededelingen der dialectencommissie van de Koninklijke Nederlandse akademie van wetenschappen te Amsterdam$v25
=500  \\$aProf K.H. Heeroma wrote the following in 1963 as a commentary on the comedy De schoonste: or, Het ontzet van Schevening: "Het Schevenings van 1717 is in wezen geen ander dialect dan het plat-Haags (en het plat-Delfts) van een eeuw eerder, zoals we dat kennen uit het dialectisch gekleurde werk van Huygens, Westerbaen, Van der Venne en Van Santen. In de stad Den Haag is dit dialect in de loop van de zeventiende eeuw echter in sterke mate teruggedrongen, terwijl het zich in de gesloten vissersgemeenschap van het zeedorp Scheveningen tot op de huidige dag heeft kunnen handhaven".
=648  \0$1http://www.wikidata.org/entity/Q7015$a18th Century (1701-1800)$920899
=650  \0$1http://www.wikidata.org/entity/Q309$aHistory$921403
=650  \0$1http://www.wikidata.org/entity/Q40634$aPhilology$925506
=650  \0$1http://www.wikidata.org/entity/Q25379$aPlay (theater)$921414
=651  \0$1http://www.wikidata.org/entity/Q36600$aThe Hague (Netherlands)$910
=700  1\$1http://www.wikidata.org/entity/Q2201154$4edt$aHeeroma, Klaas$d1909-1972$97540
=942  \\$cBOO
=952  \\$00$10$2ddc$40$6TOP_NL_SCH6$70$8TOP$96372$aORPH$bORPH$cKTS0$d2021-01-12$eKoopman$l0$oTOP NL.SCH6$p20127362$r2021-01-12 00:00:00$w2021-01-12$yBOO$OKoopman
=999  \\$d6373

