=LDR  00591aam a2200133   4500
=001  6380
=008  240321s1966\\\\||||||||\||||\00|\0\eng\d
=100  \\$aBunjes, P.G.$910000
=245  \\$aThe Praetorius Organ
=260  \\$c1966$aSt. Louis$bConcordia
=590  \\$aDoctoral dissertation issued by permission of the Graduate Research Committee of the Eastman School of Musi of the University of Rochester, Rochester New York
=942  \\$cBOO
=952  \\$00$10$2ddc$40$6INS_3_000000000000000_1B$70$96379$aORPH$bORPH$cKTS0$d2021-01-12$l0$oINS3.1b$p20120033$r2021-01-12 00:00:00$w2021-01-12$yBOO$OKoopman
=999  \\$d6380

