=LDR  00355    a2200121   4500
=001  6392
=020  \\$a9789063752248
=100  \\$aBurgers, Jan W. J.$918490
=245  \\$aJoachim van den Hove - I
=260  \\$c2013
=942  \\$cBOO
=952  \\$00$10$40$70$96391$aORPH$bORPH$cLOC_UNK$d2021-01-12$l0$p20127509$r2021-01-12 00:00:00$w2021-01-12$yTYPE_UNK$OKoopman
=999  \\$c6392$d6392

