=LDR  01058cam a22002414a 4500
=001  6394
=005  20250305123013.0
=008  020121s2001\\\\ne\a\\\\\b\\\\001\0\dut\\
=015  \\$aNe01-50
=020  \\$a9040095728
=040  \\$aOI
=245  00$aLeven in toen :$bvier eeuwen Nederlands interieur in beeld /$conder redactie van Frans van Burkom ... [et al.].
=260  \\$aAmsterdam :$bStichting Manifestatie Historisch Interieur ;$aZwolle :$bWaanders,$cc2001.
=300  \\$a302 p. :$bill. (chiefly col.) ;$c33 cm.
=504  \\$aIncludes bibliographical references (p. 282-291) and index.
=650  \0$aInterior design$1http://www.wikidata.org/entity/Q179232$921367
=650  \0$aArchitecture$1http://www.wikidata.org/entity/Q12271$93185
=700  \\$aBurkom, Frans van$910014
=710  \\$aStichting Manifestatie Historisch Interieur.$91262
=942  \\$cBOO
=952  \\$00$10$40$70$96393$aORPH$bORPH$cLOC_UNK$d2021-01-12$l0$p20121266$r2021-01-12 00:00:00$w2021-01-12$yTYPE_UNK$OKoopman
=999  \\$c6394$d6394
=651  \0$aUSA$1http://www.wikidata.org/entity/Q30$943

