=LDR  00393    a2200109   4500
=001  6426
=100  \\$aBuxtehude, Dietrich$d1637-1707$4cmp$1http://www.wikidata.org/entity/Q153637$910062
=245  \\$aSonaten für Violine, Gambe und Ce
=260  \\$c1903
=942  \\$cSCO
=952  \\$00$10$40$70$8SCO$96425$aORPH$bORPH$cKTS1_P$d2021-01-12$l0$p20121547$r2021-01-12 00:00:00$w2021-01-12$ySCO$OW.0013-11
=999  \\$c6426$d6426

