=LDR  00383    a2200109   4500
=001  6431
=100  \\$aBuxtehude, Dietrich$d1637-1707$4cmp$1http://www.wikidata.org/entity/Q153637$910062
=245  \\$aChoralbearbeitungen A-Ma
=260  \\$c1972
=942  \\$cSCO
=952  \\$00$10$40$70$8SCO$96430$aORPH$bORPH$cKTS1_P$d2021-01-12$l0$p20121571$r2021-01-12 00:00:00$w2021-01-12$ySCO$OW.0488 ob
=999  \\$c6431$d6431

