=LDR  00386    a2200109   4500
=001  6432
=100  \\$aBuxtehude, Dietrich$d1637-1707$4cmp$1http://www.wikidata.org/entity/Q153637$910062
=245  \\$aSämtliche Orgelwerke Band I
=260  \\$c1952
=942  \\$cSCO
=952  \\$00$10$40$70$8SCO$96431$aORPH$bORPH$cKTS1_P$d2021-01-12$l0$p20121645$r2021-01-12 00:00:00$w2021-01-12$ySCO$OW.0799-I
=999  \\$c6432$d6432

