=LDR  00382    a2200109   4500
=001  6435
=100  \\$aBuxtehude, Dietrich$d1637-1707$4cmp$1http://www.wikidata.org/entity/Q153637$910062
=245  \\$aBuxtehudes werke Band II
=260  \\$c1926
=942  \\$cSCO
=952  \\$00$10$40$70$8SCO$96434$aORPH$bORPH$cKTS1_P$d2021-01-12$l0$p20124234$r2021-01-12 00:00:00$w2021-01-12$ySCO$OW.1373-2
=999  \\$c6435$d6435

