=LDR  00383    a2200109   4500
=001  6440
=100  \\$aBuxtehude, Dietrich$d1637-1707$4cmp$1http://www.wikidata.org/entity/Q153637$910062
=245  \\$aBuxtehudes Werke Band VII
=260  \\$c1937
=942  \\$cSCO
=952  \\$00$10$40$70$8SCO$96439$aORPH$bORPH$cKTS1_P$d2021-01-12$l0$p20124238$r2021-01-12 00:00:00$w2021-01-12$ySCO$OW.1373-7
=999  \\$c6440$d6440

