=LDR  00384    a2200109   4500
=001  6441
=100  \\$aBuxtehude, Dietrich$d1637-1707$4cmp$1http://www.wikidata.org/entity/Q153637$910062
=245  \\$aBuxtehudes Werke Band VIII
=260  \\$c1958
=942  \\$cSCO
=952  \\$00$10$40$70$8SCO$96440$aORPH$bORPH$cKTS1_P$d2021-01-12$l0$p20124237$r2021-01-12 00:00:00$w2021-01-12$ySCO$OW.1373-8
=999  \\$c6441$d6441

