=LDR  00374    a2200109   4500
=001  6444
=100  \\$aBuxtehude, Dietrich$d1637-1707$4cmp$1http://www.wikidata.org/entity/Q153637$910062
=245  \\$aOrgelkompositionen
=260  \\$c1951
=942  \\$cSCO
=952  \\$00$10$40$70$8SCO$96443$aORPH$bORPH$cKTS1_P$d2021-01-12$l0$p20124291$r2021-01-12 00:00:00$w2021-01-12$ySCO$OW.2068
=999  \\$c6444$d6444

