=LDR  00390    a2200109   4500
=001  6445
=100  \\$aBuxtehude, Dietrich$d1637-1707$4cmp$1http://www.wikidata.org/entity/Q153637$910062
=245  \\$aPassecaille, chacones, préludes e
=260  \\$c1923
=942  \\$cSCO
=952  \\$00$10$40$70$8SCO$96444$aORPH$bORPH$cKTS1_P$d2021-01-12$l0$p20124281$r2021-01-12 00:00:00$w2021-01-12$ySCO$OW.2235
=999  \\$c6445$d6445

