=LDR  02291ccm a2200325 a 4500
=001  6451
=008  850406m19801982enkzza\\\h\\\\\n\\\\eng\\
=020  \\$a085249372X
=020  \\$a0852495668
=040  \\$aOI
=041  \\$aeng
=100  \\$aByrd, William$d1539/40-1623$4cmp$1http://www.wikidata.org/entity/Q208375$910065
=245  14$aThe English Services I & II
=260  \\$aLondon$bStainer & Bell$aNew York$bGalaxy Music Corp.$c1980-1982
=300  \\$a2 vols. (xv-183+ix-159)
=490  \\$aThe Byrd edition$v10
=520  \\$aVol. 1: Byrd’s music for the Anglican service remains one of the least appreciated areas of his output. Its manner is generally restrained; its sources, for the most part, are problematical. Abjuring word painting and imitation, settings of the Preces and Responses, Psalms, Service and Litany rely on harmonic variety for their musical interest and continuity.
=520  \\$aVol. 2: Since The Great Service was rediscovered in manuscripts at Durham, it has come to be recognised not only as Byrd’s most important work for the Anglican church, but also as one of the masterpieces of Elizabethan art. In the hope of recapturing the composer’s intentions as nearly as possible, the present edition follows the scoring of pre-Restoration sources more precisely than did either Fellowes or Tudor Church Music, and restores the parts that have subsequently come to light.
=590  \\$aedited from manuscript and printed sources
=650  \0$aChurch music$1http://www.wikidata.org/entity/Q8812109$92283
=650  \0$aVocal music$1http://www.wikidata.org/entity/Q685884$93319
=650  \0$aPsalm$1http://www.wikidata.org/entity/Q12497663$92164
=650  \0$aOrgan$1http://www.wikidata.org/entity/Q1444$92810
=651  \0$aUnited Kingdom$1http://www.wikidata.org/entity/Q21$9273
=700  \\$aMonson, Craig A.$910066$4edt
=700  \\$aBrett, Philip$910069$4edt
=942  \\$cSCO
=952  \\$00$10$2ddc$3vol. 10a$40$6SCO_S_BYRD$70$8SCO$96449$aORPH$bORPH$cKTS1_H$d2021-01-12$eKoopman$l0$oSCO S BYRD$p20121793$r2021-01-12 00:00:00$w2021-01-12$ySCO$OW.1347-10a
=952  \\$00$10$2ddc$3vol. 10b$40$6SCO_S_BYRD$70$8SCO$96450$aORPH$bORPH$cKTS1_H$d2021-01-12$eKoopman$iW1347$l0$oSCO S BYRD$p20121792$r2021-01-12 00:00:00$w2021-01-12$ySCO$OW.1347-10b
=999  \\$d6451

