=LDR  00991cam a2200217 a 4500
=001  6455
=005  20250925143257.0
=008  850514m19851995gw\\\\\\\b\\\\001\0\ger\\
=020  \\$a3162447879 (Bd. 5)
=040  \\$aOI
=100  \\$aGadamer, Hans-Georg$d1900-2002$4aut$910070
=245  10$aGesammelte Werke
=260  \\$aTübingen$bMohr$c1985-95
=300  \\$a10 vols.$c24 cm.
=504  \\$aIncludes bibliographical references and indexes.
=505  0\$aBd. 1-2. Hermeneutik I-II -- Bd. 3-4. Neuere Philosophie I-II -- Bd. 5-7. Griechische Philosophie I-III -- Bd. 8. Ästhetik und Poetik I. Kunst als Aussage -- Bd. 9. Ästhetik und Poetik II. Hermeneutik im Vollzug -- Bd. 10. Hermeneutik im Rückblick.
=648  \0$a20th Century (1901-2000)$1http://www.wikidata.org/entity/Q6927$920936
=650  \0$aPhilosophy$1http://www.wikidata.org/entity/Q5891$92357
=942  \\$cBOO
=952  \\$00$10$2ddc$40$70$8PHI$96454$aORPH$bORPH$cKM12_3_2$d2021-01-12$r2021-01-12 00:00:00$w2021-01-12$yBOO
=999  \\$d6455

