=LDR  01296ccm a22002411a 4500
=001  6456
=008  891020s1988\\\\enkmoa\\\z\\\\\n\\\\lat\\
=020  \\$a0852493649
=040  \\$aOI
=041  1\$aeng$dlat
=100  \\$aByrd, William$d1539/40-1623$1http://www.wikidata.org/entity/Q208375$4cmp$910065
=245  10$aCantiones sacrae I (1589)
=260  \\$aLondon$bStainer & Bell$aNew York$bGalaxy Music Corp.$c1988
=300  \\$axxix-256 pages
=490  \\$aThe Byrd edition$v2
=520  \\$aByrd’s 1589 Cantiones Sacrae consists of 16 5-voice ‘sacred songs’, as the composer called them. They were probably composed over a number of years before the collection was assembled. Though serious in mood, they were intended as vocal chamber music for domestic performance. H.K. Andrews described them as ‘musically one of the great achievements of the century’.
=648  \0$a16th Century (1501-1600)$1http://www.wikidata.org/entity/Q7017$920944
=650  \0$aSong$1http://www.wikidata.org/entity/Q7366$94164
=700  \\$aBrown, Alan$d1941-$910071$4edt
=700  \\$aBrett, Philip$910069$4edt
=942  \\$cSCO
=952  \\$00$10$2ddc$40$6SCO_S_BYRD$70$8SCO$96455$aORPH$bORPH$cKTS1_H$d2021-01-12$eKoopman$iW1347$l0$oSCO S BYRD$p20121797$r2021-01-12 00:00:00$w2021-01-12$ySCO$OW.1347-3
=999  \\$d6456

