=LDR  00323    a2200109   4500
=001  6459
=100  \\$aCaccin, A.M.$910073
=245  \\$aS. Caterina del sassoballaro
=260  \\$c1988
=942  \\$cBOO
=952  \\$00$10$40$70$96458$aORPH$bORPH$cLOC_UNK$d2021-01-12$l0$p20125055$r2021-01-12 00:00:00$w2021-01-12$yTYPE_UNK$OKoopman
=999  \\$c6459$d6459

