=LDR  00516    a2200157   4500
=001  6472
=020  \\$a9780198165446
=041  \\$aeng
=100  \\$aCaldwell, John$d-1938$4aut$910081
=245  \\$aEditing early music
=250  \\$aSecond Edition
=260  \\$c1995$aOxford$bClarendon Press
=300  \\$a135 pages
=942  \\$cBOO$2ddc
=952  \\$00$10$2ddc$40$6MTP_2_000000000000000_CALD$70$8MTP$96471$aORPH$bORPH$cKM12_1$d2021-01-12$eKoopman$i23B40$l0$oMTP 2 CALD$p20128515$r2021-01-12 00:00:00$w2021-01-12$yBOO
=999  \\$c6472$d6472

