=LDR  00325    a2200109   4500
=001  6473
=100  \\$aCallenbach, J.R.$910083
=245  \\$aThe cathedral of Rotterdam
=260  \\$cs.d.
=942  \\$cBOO
=952  \\$00$10$40$70$96472$aORPH$bORPH$cLOC_UNK$d2021-01-12$l0$p20121080$r2021-01-12 00:00:00$w2021-01-12$yTYPE_UNK$OKoopman
=999  \\$c6473$d6473

