=LDR  00373    a2200109   4500
=001  6484
=100  \\$aCampra, André$d1660-1744$4cmp$1http://www.wikidata.org/entity/Q313860$95039
=245  \\$aLes Festes Vénitiennes
=260  \\$c1971
=942  \\$cSCO
=952  \\$00$10$40$70$8SCO$96483$aORPH$bORPH$cKTS1_P$d2021-01-12$l0$p20121884$r2021-01-12 00:00:00$w2021-01-12$ySCO$OW.2680
=999  \\$c6484$d6484

