=LDR  00771    a2200205   4500
=001  6487
=008  220517s1976\\\\fr\a||||\||||\00|\0\fre\d
=041  \\$afre
=245  \\$aLe Livre d'Or de l'Orgue Français
=260  \\$c1976$aFrance$bCalliope
=300  \\$a205 pages
=336  \\$aprinted
=650  \0$aOrgan$1http://www.wikidata.org/entity/Q1444$92810
=650  \0$aOrganology$1http://www.wikidata.org/entity/Q899293$921400
=651  \0$aFrance$1http://www.wikidata.org/entity/Q142$9131
=700  \\$4aut$aCantagrel, Gilles$910094
=700  \\$4aut$aHalbreich, Harry$924209
=942  \\$cBOO
=952  \\$00$10$2ddc$40$6INS_3_100000000000000_A_FR$70$8INS$96486$aORPH$bORPH$cKTS0$d2020-06-10$eKoopman$i24B44$oINS3.1 a FR$p20128791$r2021-01-12 00:00:00$w2021-01-12$yBOO
=999  \\$d6487

