=LDR  00534    a2200157   4500
=001  6496
=008  210830s1979\\\\\\\|||||\||||\00|\0\mul\d
=020  \\$a8820311003
=041  \\$aita$alat
=100  \\$aCappelli, Adriano$4edt$910104
=245  \\$aDizionario di abbreviature Latine ed Italiane
=260  \\$c1979$aMilan$bUlrico Hoepli
=300  \\$a531 pages
=942  \\$cBOO
=952  \\$00$10$2ddc$40$6REF_1_000000000000000$70$8REF$96495$aORPH$bORPH$cKM12_1$d2021-01-12$eKoopman$i29E09$oREF1$p20121286$r2021-01-12 00:00:00$w2021-01-12$yBOO
=999  \\$d6496

