=LDR  00818aam a2200205   4500
=001  6498
=005  20251029112335.0
=008  251029s2004\\\\||||||||\c|||\00|\0\ita\d
=041  \\$aita
=245  \\$aCattedrale di San Lorenzo
=260  \\$aGenoa$bUfficio Beni Culturali dell'Arcidiocesi di Genova$c2004
=490  \\$aEdizioni d'arte Marconi$v83
=610  \0$aCattedrale di San Lorenzo (Genoa, Italy)$1http://www.wikidata.org/entity/Q1306549$941697
=650  \0$aChurch$1http://www.wikidata.org/entity/Q16970$93776
=651  \0$aGenoa (Italy)$1http://www.wikidata.org/entity/Q1449$924495
=700  \\$aCapurro Garella, R.$4aut$910106
=700  \\$aNatale Galinta, G. di$4aut$941696
=942  \\$cBOO
=952  \\$00$10$40$70$96497$aORPH$bORPH$cLOC_UNK$d2021-01-12$l0$r2021-01-12 00:00:00$w2021-01-12$yTYPE_UNK$OKoopman
=999  \\$d6498

