=LDR  01102aaa a2200217   4500
=001  6526
=008  250603k19491950|||cad||\||||\00|\0dfre\d
=041  \\$afre
=245  \\$aManuel des études littéraires françaises.$bXVIIe siècle - XIXe siècle
=260  \\$c1949-1950$aParis$bHachette
=300  \\$a2 vols. in 1 (viii-168+viii-312 pages)
=648  \0$a18th Century (1701-1800)$1http://www.wikidata.org/entity/Q7015$920899
=648  \0$a19th Century (1801-1900)$1http://www.wikidata.org/entity/Q6955$920935
=650  \0$aLiterature$1http://www.wikidata.org/entity/Q8242$94439
=650  \0$aFrench$1http://www.wikidata.org/entity/Q150$923117
=651  \0$aFrance$1http://www.wikidata.org/entity/Q142$9131
=700  \\$aSurer, Paul$d1905-1969$1http://www.wikidata.org/entity/Q20744398$4aut$940297
=700  \\$aCastex, Pierre Georges$d1915-1995$1http://www.wikidata.org/entity/Q2093025$4aut$910136
=942  \\$cBOO
=952  \\$00$10$2ddc$40$6TOP_FR_5_000000000000000$70$8TOP$96525$aORPH$bORPH$cKTS0$d2021-01-12$eKoopman$i43E01$l0$oTOP FR 5$p20127158$r2021-01-12 00:00:00$w2021-01-12$yBOO$OKoopman
=999  \\$d6526

