=LDR  00430    a2200133   4500
=001  6529
=005  20250120120355.0
=020  \\$a9790231806984
=100  \\$aCatel, Charles-Simon$d1773-1830$4cmp$1http://www.wikidata.org/entity/Q661501$96199
=245  \\$aSémiramis
=260  \\$c2012
=942  \\$cSCO$2ddc
=952  \\$00$10$40$70$8SCO$96528$aORPH$bORPH$cKTS1_P$d2021-01-12$l0$p20121909$r2021-01-12 00:00:00$w2021-01-12$ySCO$OW.2393
=999  \\$c6529$d6529

