=LDR  02294ccm a2200337 i 4500
=001  6540
=005  20250820153550.0
=008  191126s2006\\\\ci\mdl|\\i\\\\\\\\|\ita\\
=024  2\$a9790706701295
=024  2\$aM706701295
=040  \\$aOI$beng$erda
=041  0\$aita$ghrv$geng
=100  \\$aCecchino, Tomaso$dc. 1580-1644$4cmp$1http://www.wikidata.org/entity/Q1117014$910153
=245  10$aAmorosi concetti:$bil terzo libro de' madrigali a una, et due voci. In Venetia 1616
=264  \1$aZagreb$bMusički informativni centar Koncertne direkcije Zagreb = Croatian Music Information Centre$c2006
=300  \\$a1 score (xviii, 57 pages) :$bfacsimile ;$c30 cm
=336  \\$anotated music$bntm$2rdacontent
=383  \\$bop. 7
=505  0\$aChe dar più vi poss'io -- Ch'io mi scordi di voi? -- Filli, neghi tua fede -- Se dite che 'l partir -- Tutta ridente -- Deh, chi tace il bel pensiero. Prima parte -- Lio so pur che se ferita. Seconda parte -- Bocca, pompa d'amore -- O sospetto fallace -- Per la belle licori. Prima parte -- Amor dicea. Seconda parte -- Credul se t'è sì grave -- Io senze fede? -- Homai che giunta è l'hora -- S'io non ti toglio un baccio -- Luci belle e spietate -- Donna s' è oco d'amore -- Mori mi dite -- Per questa vita guiro -- O Rosetta che rosetta -- Baci parto de l'Alma -- Ecco l'alba. Prima parte -- Vedrai l'alba. Seconda parte -- Al vivo sol -- Fatti pur specchio il fiume -- Lilla un bacio ti chiesi -- Quando vuol sentir mia voce -- Bocca amorosa -- Dolci miei sospiri.
=546  \\$aItalian words.
=546  \\$bStaff notation.
=590  \\$aTomaso Cecchini ; uvodnu studiju napisao i priredio Ennio Stipčević = introductory study and edited by Ennio Stipčević.
=648  \0$a17th Century (1601-1700)$1http://www.wikidata.org/entity/Q7016$920923
=650  \0$aSong$1http://www.wikidata.org/entity/Q7366$94164
=650  \0$aBasso continuo$1http://www.wikidata.org/entity/Q724321$921065
=650  \0$aMadrigal$1http://www.wikidata.org/entity/Q193217$921649
=651  \0$aVenice (Italy)$1http://www.wikidata.org/entity/Q641$91
=700  \\$aStipčević, Ennio$4edt$4win$910154
=942  \\$cSCO
=952  \\$00$10$2ddc$40$70$8SCO$96539$aORPH$bORPH$cKTS1_P$d2021-01-12$eKoopman$l0$p20121876$r2021-01-12 00:00:00$w2021-01-12$ySCO
=999  \\$c6540$d6540

