=LDR  01126ccm a2200277 a 4500
=001  6545
=005  20250120120149.0
=008  870826m19819999sp\msa\\\hi\\\\n\\\\lat\\
=020  \\$a8472024644 (v. 1)
=040  \\$aOI
=041  0\$alatspa$gcat
=048  \\$aca$ake
=048  \\$aca
=100  \\$aCererols, Joan,$d1618-1676.$4cmp$910161
=240  10$9428$aWorks.$f1981
=245  10$aObres completes /$cJoan Cererols ; transcripció, revisió i anotació de David Pujol.
=250  \\$aSegona ed.
=260  \\$a[Barcelona?] :$bDepartament de Cultura i Mitjans de Comunicació de la Generalitat de Catalunya ;$a[Montserrat] :$bMonestir de Montserrat,$c1981-<1983   >
=300  \\$a1 score (v. <1-3   >) ;$c34 cm.
=490  1\$aMestres de l'Escolania de Montserrat ;$vvol. 1-<3   >
=650  \0$aVocal music$1http://www.wikidata.org/entity/Q685884$93319
=700  \\$aPujol, David$d-1894$910162
=830  \0$9429$aMestres de l'Escolania de Montserrat ;$vvol. 1, etc.
=942  \\$cSCO
=952  \\$00$10$40$70$8SCO$96544$aORPH$bORPH$cKTS1_P$d2021-01-12$l0$p20124230$r2021-01-12 00:00:00$w2021-01-12$ySCO$OW.2349 I
=999  \\$c6545$d6545

