=LDR  01575ccm a2200373 a 4500
=001  6546
=005  20211001155956.0
=008  871001m19301981sp\msa\\\hi\\\\n\\\\lat\\
=020  \\$a847202234X (v. 4)
=020  \\$a8472024652 (v. 5)
=040  \\$aOI
=041  0\$alatspa$gcat
=048  \\$aca$ake
=048  \\$aca
=100  1\$aCererols, Joan,$d1618-1676.
=240  10$aWorks.$f1930
=245  10$aJoan Cererols /$ctranscripció, revisió i anotació de David Pujol.
=260  \\$a[Montserrat] :$bMonestir de Montserrat,$c1930-1981.
=300  \\$a1 score (5 v.) ;$c34 cm.
=490  1\$aMestres de l'Escolania de Montserrat ;$vvol. 1-3, 7, 9
=500  \\$aSacred vocal music.
=500  \\$aFor 2-12 voices, principally with continuo (unrealized); v. 4-5 have continuo realized for keyboard instrument.
=500  \\$aLatin and Spanish words.
=500  \\$aVol. 4-5 have title: Obres completes.
=500  \\$a"Revisió i realització del continu per Ireneu Segarra ; introducció per Gregori Estrada"--Vol. 5, t.p.
=500  \\$aVol. 5 has imprint: Departament de Cultura i Mitjans de Comunicació de la Generalitat de Catalunya, Monestir de Montserrat.
=500  \\$aIncludes prefatory notes and critical notes in Catalan.
=650  \0$aSacred vocal music$vScores.
=700  1\$aPujol, David,$d1894-
=700  1\$aSegarra, Ireneu.
=830  \0$aMestres de l'Escolania de Montserrat ;$vvol. 1, etc.
=952  \\$00$10$40$70$8SCO$96545$aORPH$bORPH$cKTS1_P$d2021-01-12$l0$p20124229$r2021-01-12 00:00:00$w2021-01-12$ySCO$OW.2349 V
=999  \\$c6546$d6546
=942  \\$cSCO

