=LDR  00351    a2200121   4500
=001  6549
=020  \\$a9789080653610
=100  \\$aCerutti, G. M.$910165
=245  \\$aHet stadhuis van Haarlem
=260  \\$c2001
=942  \\$cBOO
=952  \\$00$10$40$70$96548$aORPH$bORPH$cLOC_UNK$d2021-01-12$l0$p20129349$r2021-01-12 00:00:00$w2021-01-12$yTYPE_UNK$OKoopman
=999  \\$c6549$d6549

