=LDR  00880cam a2200217 a 4500
=001  6564
=005  20250120115957.0
=008  811124s1980\\\\pl\afh\\\b\\\\000\0\pol\\
=020  \\$a832240123X :$czł58.00
=040  \\$aOI
=100  \\$aChaniecki, Zbigniew$910180
=245  10$aOrganizacje zawodowe muzyków na ziemiach polskich do końca XVIII wieku /$cZbigniew Chaniecki.
=260  \\$aKraków :$bPolskie Wydawn. Muzyczne,$c1980$e(Krak :$fDNar 1)
=300  \\$a155, [5] p., [8] p. of plates :$bill., facsims. ;$c23 cm.
=504  \\$aBibliography: p. 123-[130]
=650  \0$aMusic$92062
=942  \\$cBOO
=952  \\$00$10$40$70$96563$aORPH$bORPH$cLOC_UNK$d2021-01-12$l0$p20125392$r2021-01-12 00:00:00$w2021-01-12$yTYPE_UNK$OKoopman
=999  \\$c6564$d6564
=490  \\$aMuzyka polska w dokumentacjach i interpretacjach
=650  \0$aMusic history$1http://www.wikidata.org/entity/Q846047$921373

