=LDR  01093cam a22002534a 4500
=001  6574
=005  20251003085456.0
=008  050708s2005\\\\nyua\\\\\bc\\\000\0\eng\\
=020  \\$a9781576471159
=040  \\$aOI
=041  \\$aeng
=100  \\$aCharteris, Richard$910188$4aut
=245  13$aAn annotated catalogue of the music manuscripts in the Folger Shakespeare Library, Washington, D.C.
=260  \\$aHillsdale, NY$bPendragon Press$c2005
=300  \\$axxix-749 pages$billustrations$c26 cm
=490  \\$aAnnotated reference tools in music
=610  \0$aFolger Shakespeare Library (Washington DC, USA)$1http://www.wikidata.org/entity/Q728116$91271
=650  \0$aManuscript$1http://www.wikidata.org/entity/Q87167$92275
=650  \0$aLibrary$1http://www.wikidata.org/entity/Q7075$94229
=650  \0$aCatalogue$1http://www.wikidata.org/entity/Q2352616$921484
=651  \0$aWashington D.C. (USA)$1http://www.wikidata.org/entity/Q61$927141
=942  \\$cBOO
=952  \\$00$10$2ddc$40$70$8BIB$96573$aORPH$bORPH$cKTS0$d2021-01-12$l0$p20122510$r2021-01-12 00:00:00$w2021-01-12$yBOO$OKoopman
=999  \\$d6574

