=LDR  01088aam a2200229   4500
=001  6582
=008  250620b\\\\\\\\|||o||||\||||\00|\0\fre\d
=041  \\$afre
=100  \\$aChaudagne, P.$910200
=245  \\$aSouvigny.$bL'Église prieurale Saint-Pierre et Saint-Paul XIe - XVIIe s.
=260  \\$cs.d.$aLyon?$bs.n.
=300  \\$a[41] pages
=610  \0$aPrieuré Saint-Pierre-et-Saint-Paul (Souvigny, France)$1http://www.wikidata.org/entity/Q3402951$924279
=650  \0$aChurch$1http://www.wikidata.org/entity/Q16970$93776
=650  \0$aArchitecture$1http://www.wikidata.org/entity/Q12271$93185
=650  \0$aInterior design$1http://www.wikidata.org/entity/Q179232$921367
=650  \0$aApplied arts$1http://www.wikidata.org/entity/Q2865882$921627
=650  \0$aCatholicism$1http://www.wikidata.org/entity/Q1841$921631
=651  \0$aSouvigny (France)$1http://www.wikidata.org/entity/Q245064$924278
=942  \\$cBOO
=952  \\$00$10$2ddc$40$6TOP_FR_SOU$70$8TOP$96581$aORPH$bORPH$cKTS0$d2021-01-12$eKoopman$i22C26$l0$oTOP FR.SOU$p20125705$r2021-01-12 00:00:00$w2021-01-12$yBOO$OKoopman
=999  \\$d6582

