=LDR  00419    a2200121   4500
=001  6585
=020  \\$a9790231803914
=100  \\$aCherubini, Luigi$d1760-1842$4cmp$1http://www.wikidata.org/entity/Q20721$95392
=245  \\$aLes Deux Journées ou Le Porteur d'eau
=260  \\$c2011
=942  \\$cSCO
=952  \\$00$10$40$70$8SCO$96584$aORPH$bORPH$cKTS1_P$d2021-01-12$l0$p20121910$r2021-01-12 00:00:00$w2021-01-12$ySCO$OW.2392
=999  \\$c6585$d6585

