=LDR  00307    a2200109   4500
=001  6587
=100  \\$aChiarini, M.$910205
=245  \\$aPitti Palace
=260  \\$c1973
=942  \\$cBOO
=952  \\$00$10$40$70$96586$aORPH$bORPH$cLOC_UNK$d2021-01-12$l0$p20121119$r2021-01-12 00:00:00$w2021-01-12$yTYPE_UNK$OKoopman
=999  \\$c6587$d6587

