=LDR  00444    a2200133   4500
=001  6599
=041  \\$ager
=100  \\$aChybinski, A.$4aut$910216
=245  \\$aBeiträge zur Geschichte des Taktschlagens
=260  \\$c1912
=300  \\$a95 pages
=942  \\$cBOO$2ddc
=952  \\$00$10$2ddc$40$6MTP_2_000000000000000_CHYB$70$8MTP$96598$aORPH$bORPH$cKM12_1$d2021-01-12$eKoopman$i30F34$l0$oMTP 2 CHYB$p20123298$r2021-01-12 00:00:00$w2021-01-12$yBOO
=999  \\$c6599$d6599

