=LDR  00379    a2200109   4500
=001  6603
=100  \\$aCimarosa, Domenico$d1749-1801$4cmp$1http://www.wikidata.org/entity/Q191775$95848
=245  \\$aIl Maestro di cappella
=260  \\$c1992
=942  \\$cSCO
=952  \\$00$10$40$70$8SCO$96602$aORPH$bORPH$cKTS1_P$d2021-01-12$l0$p20121693$r2021-01-12 00:00:00$w2021-01-12$ySCO$OW.0193 (d
=999  \\$c6603$d6603

