=LDR  00315    a2200109   4500
=001  6609
=100  \\$aCivali, M.$910224
=245  \\$aSiena, il sogno gotico
=260  \\$c1992
=942  \\$cBOO
=952  \\$00$10$40$70$96608$aORPH$bORPH$cLOC_UNK$d2021-01-12$l0$p20120408$r2021-01-12 00:00:00$w2021-01-12$yTYPE_UNK$OKoopman
=999  \\$c6609$d6609

