=LDR  00998aam a2200229   4500
=001  6616
=005  20250926134854.0
=008  230217s1998\\\\||||||||\||||\00|\0\ger\d
=020  \\$a3925366555
=041  \\$ager
=100  \\$aClaus, R. D.$910232$4aut
=245  \\$aZur Echtheit von Toccata und Fuge d-moll BWV.565
=260  \\$aCologne-Rheinkassel$bDohr$c1998
=600  \0$aBach, Johann Sebastian$d1685-1750$1http://www.wikidata.org/entity/Q1339$94766
=648  \0$a18th Century (1701-1800)$1http://www.wikidata.org/entity/Q7015$920899
=650  \0$aOrgan music$1http://www.wikidata.org/entity/Q2003283$91951
=650  \0$aTombeau$1http://www.wikidata.org/entity/Q15991004$923771
=650  \0$aFugue$1http://www.wikidata.org/entity/Q181014$93142
=651  \0$aGermany$1http://www.wikidata.org/entity/Q183$9155
=942  \\$cBOO
=952  \\$00$10$40$6BIO_BACH1_E$70$8BIO$96615$aORPH$bORPH$cKTS1_P$d2021-01-12$eKoopman$i33G18$oBIO BACH1 e$p20122688$r2021-01-12 00:00:00$w2021-01-12$yBOO$OKoopman
=999  \\$d6616

