=LDR  00395    a2200121   4500
=001  6633
=020  \\$a9782503523453
=100  \\$aClouzot, M.$910247
=245  \\$aImages de musiciens (1350-1500)
=260  \\$c2007
=942  \\$cBOO
=952  \\$00$10$2ddc$40$6VIS_CLOU$70$8VIS$96632$aORPH$bORPH$cKTS1_H$d2021-01-12$eKoopman$i36F21$l0$oVIS CLOU$p20120652$r2021-01-12 00:00:00$w2021-01-12$yBOO$OKoopman
=999  \\$c6633$d6633

