=LDR  00366    a2200109   4500
=001  6639
=100  \\$aCogniat, R.$910254
=245  \\$ade Schilderkunst van de 17e Eeuw
=260  \\$c1963
=942  \\$cBOO
=952  \\$00$10$2ddc$40$6VIS_COGN$70$8VIS$96638$aORPH$bORPH$cKTS1_H$d2021-01-12$eKoopman$i24E49$l0$oVIS COGN$p20125908$r2021-01-12 00:00:00$w2021-01-12$yBOO$OKoopman
=999  \\$c6639$d6639

