=LDR  01355pam a2200253 a 4500
=001  6640
=008  810316s1981\\\\\\\a\\\\\b\\\\001\0\eng\d
=041  \\$aeng
=100  \\$aCohen, Albert$d1929-2019$1http://www.wikidata.org/entity/Q82032415$921195
=245  10$aMusic in the French Royal Academy of Sciences :$ba study in the evolution of musical thought
=260  \\$aPrinceton, N.J.$bPrinceton University Press$c1981
=300  \\$axvii-150 pages
=500  \\$aIncludes index.
=500  \\$aThe Royal Academy of Science was established in 1666 and suppressed in 1793
=504  \\$aBibliography: p. 123-139.
=610  \0$aAcadémie Royale des Sciences (Paris, France)$1http://www.wikidata.org/entity/Q188771$921938
=648  \0$a17th Century (1601-1700)$1http://www.wikidata.org/entity/Q7016$920923
=648  \0$a18th Century (1701-1800)$1http://www.wikidata.org/entity/Q7015$920899
=650  \0$aMusic history$1http://www.wikidata.org/entity/Q846047$xHistory and criticism.$zFrance.$921373
=650  \0$aMusic criticism$1http://www.wikidata.org/entity/Q11748889$921598
=651  \0$aParis (France)$1http://www.wikidata.org/entity/Q90$9160
=942  \\$cBOO
=952  \\$00$10$2ddc$40$6TOP_FR_PAR_5_000000000000000$70$8TOP$96639$aORPH$bORPH$cKTS0$d2021-01-12$eKoopman$i19C1$l0$oTOP FR.PAR 5$p20127936$r2021-01-12 00:00:00$w2021-01-12$yBOO$OKoopman
=999  \\$d6640

