=LDR  01224cam a2200253 a 4500
=001  6642
=005  20250120115743.0
=008  910715s1991\\\\nyua\\\j\\\\\\001\0\eng\\
=020  \\$a0872263533
=040  \\$aOI
=100  \\$aDefrates, Joanna$4aut$910258
=245  10$aWhat do we know about the Egyptians? /$cJoanna Defrates.
=250  \\$a1st American ed.
=260  \\$aNew York, NY :$bP. Bedrick Books,$cc1991.
=300  \\$a45 p. :$bcol. ill. ;$c29 cm.
=520  \\$aAn illustrated survey of ancient Egypt's history, religion, and sociology.
=651  \0$aEgypt$1http://www.wikidata.org/entity/Q79$968
=651  \0$aEgypt$1http://www.wikidata.org/entity/Q79$968
=856  \\$uhttp://www.loc.gov/catdir/description/mh031/91025175.html$3Publisher description
=942  \\$cBOO
=952  \\$00$10$2ddc$40$6932_000000000000000__01$70$96641$aORPH$bORPH$cLOC_UNK$d2021-01-12$l0$o932/.01$r2021-01-12 00:00:00$w2021-01-12$yBOO
=952  \\$00$10$2ddc$40$6932_000000000000000__01$70$923770$aORPH$bORPH$cLOC_UNK$d2021-01-12$l0$o932/.01$r2021-01-12 00:00:00$w2021-01-12$yBOO
=952  \\$00$10$2ddc$40$6932_000000000000000__01$70$924008$aORPH$bORPH$cLOC_UNK$d2021-01-12$l0$o932/.01$r2021-01-12 00:00:00$w2021-01-12$yBOO
=999  \\$c6642$d6642

