=LDR  01087aam a2200241   4500
=001  6649
=008  250514r19781913|||ga|||\b|||\001\0\fre\d
=041  \\$afre
=100  \\$aCollet, Henri$d1885-1951$1http://www.wikidata.org/entity/Q769801$910269$4aut
=245  \\$aLe mysticisme musical espagnol au XVIe siècle
=260  \\$c1978$aParis$bEditions d'Aujourd'hui
=300  \\$a[viii]-535 pages
=490  \\$aLes Introuvables
=534  \\$cParis: Alcan, 1913
=590  \\$aThèse pour le Doctorat présentée à la Faculté de l'Université de Paris
=648  \0$a16th Century (1501-1600)$1http://www.wikidata.org/entity/Q7017$920944
=650  \0$aMysticism$1http://www.wikidata.org/entity/Q45996$924645
=650  \0$aMusic history$1http://www.wikidata.org/entity/Q846047$921373
=650  \0$aReligion$1http://www.wikidata.org/entity/Q9174$93062
=651  \0$aSpain$1http://www.wikidata.org/entity/Q29$920983
=942  \\$cBOO
=952  \\$00$10$2ddc$40$70$8TOP$96648$aORPH$bORPH$cKTS0$d2021-01-12$eKoopman$i21C21$l0$p20128218$r2021-01-12 00:00:00$tTOP ES 4$w2021-01-12$yBOO$OKoopman
=999  \\$d6649

