=LDR  00392    a2200109   4500
=001  6656
=100  \\$aColonna, Giovanni Paolo$d1637-1695$4cmp$1http://www.wikidata.org/entity/Q121405$914537
=245  \\$aMessa a Nove Voci Concertata con
=260  \\$c1974
=942  \\$cSCO
=952  \\$00$10$40$70$8SCO$96655$aORPH$bORPH$cKTS1_P$d2021-01-12$l0$p20124302$r2021-01-12 00:00:00$w2021-01-12$ySCO$OW.1844
=999  \\$c6656$d6656

