=LDR  01319aam a2200217   4500
=001  6663
=005  20251008171519.0
=008  251008s2000\\\\|||o||||\||||\00|\0\mul\d
=041  \\$aita$aeng$afre$ager$aspa
=100  \\$aConti, Giordano$910288$4aut
=245  \\$aLa biblioteca Malatestiana
=260  \\$c2000$aMilano$bFabbri
=300  \\$a112 pages
=500  \\$aGuide with photos of the Biblioteca Malatestiana, which is a 15th century library in Cesena, Italy. It is the first public library in Europe, so from the start it has not been part of a church or convent or family estate. 
"Today the library has over 400,000 books, including over 340 codices covering various fields such as religion, Greek and Latin classics, sciences and medicine, and about 3,200 manuscripts from the 16th century". [wikipedia]
=590  \\$aBiblioteca Malatestiana Prima biblioteca italiana Memoria del mondo Unesco
=648  \0$a15th Century (1401-1500)$1http://www.wikidata.org/entity/Q7018$921015
=650  \0$aLibrary$1http://www.wikidata.org/entity/Q7075$94229
=651  \0$aItaly$1http://www.wikidata.org/entity/Q38$922
=942  \\$cBOO
=952  \\$00$10$2ddc$40$6BIB_4_000000000000000_IT_CES$70$8BIB$96662$aORPH$bORPH$cKTS0$d2021-01-12$eKoopman$i46D32$l0$oBIB4 IT.CES$p20127675$r2021-01-12 00:00:00$w2021-01-12$yBOO$OKoopman
=999  \\$d6663

