=LDR  00338    a2200121   4500
=001  6666
=020  \\$a9053250220
=100  \\$aCools, H. B.$910291
=245  \\$aMuziek & Grafiek
=260  \\$c1994
=942  \\$cBOO
=952  \\$00$10$40$70$96665$aORPH$bORPH$cLOC_UNK$d2021-01-12$l0$p20125550$r2021-01-12 00:00:00$w2021-01-12$yTYPE_UNK$OKoopman
=999  \\$c6666$d6666

