=LDR  01309ccm a22002651a 4500
=001  6672
=005  20250120120326.0
=008  910109m19769999gw\mua\\\h\\\\\n\\\\\\\\\
=020  \\$a389007121X (Bd. 1)
=020  \\$a3890071023 (Bd. 2)
=020  \\$a3890071589 (Bd. 3)
=028  30$aAV 247$bA. Volk Verlag
=040  \\$aOI
=047  \\$ats$asn$acg
=100  \\$aCorelli, Arcangelo$d1653-1713$4cmp$1http://www.wikidata.org/entity/Q164475$95351
=240  10$9412$aWorks.$f1976
=245  10$aHistorisch-kritische Gesamtausgabe der musikalischen Werke /$cArcangelo Corelli ; herausgegeben im Musikwissenschaftlichen Institut der Universität Basel von Hans Oesch.
=260  \\$aLaaber :$bLaaber-Verlag$c1976-<c2006>
=300  \\$a1 score (v. <1-5>) :$bfacsims. ;$c33 cm.
=505  1\$aBd. 1. Sonate da chiesa, opus I und III -- Bd. 2. Sonate da camera, opus II und IV -- Bd. 3. Sonate a violino e violone o cimbalo, opus V -- Bd. 4. Concerti grossi, opus VI -- Bd. 5. Werke ohne Opuszahl.
=650  \0$aInstrumental music$1http://www.wikidata.org/entity/Q639197$92106
=700  \\$aOesch, Hans$d1926-1992$1http://www.wikidata.org/entity/Q125164$917363
=942  \\$cSCO
=952  \\$00$10$40$70$8SCO$96671$aORPH$bORPH$cKTS1_P$d2021-01-12$l0$p20121570$r2021-01-12 00:00:00$w2021-01-12$ySCO$OW.1238-I
=999  \\$c6672$d6672

