=LDR  00375    a2200109   4500
=001  6673
=100  \\$aCorelli, Arcangelo$d1653-1713$4cmp$1http://www.wikidata.org/entity/Q164475$95351
=245  \\$aWerke ohne Opuszahl
=260  \\$c1976
=942  \\$cSCO
=952  \\$00$10$40$70$8SCO$96672$aORPH$bORPH$cKTS1_P$d2021-01-12$l0$p20121569$r2021-01-12 00:00:00$w2021-01-12$ySCO$OW.1238-V
=999  \\$c6673$d6673

