=LDR  00368    a2200121   4500
=001  6674
=020  \\$a521223121
=100  \\$aCorey, H.$4aut$910298
=245  \\$aDuet for Two Voices
=260  \\$c1979
=942  \\$cBOO
=952  \\$00$10$2ddc$40$6BIO_DENT_D$70$8BIO$96673$aORPH$bORPH$cKTS1_P$d2021-01-12$oBIO DENT d$p20130033$r2021-01-12 00:00:00$w2021-01-12$yBOO$OThwaites
=999  \\$c6674$d6674

