=LDR  00329    a2200109   4500
=001  6692
=100  \\$aCouvée, D. H.$910313
=245  \\$aVan Couranten en Courantiers uit
=260  \\$c1951
=942  \\$cBOO
=952  \\$00$10$40$70$96691$aORPH$bORPH$cLOC_UNK$d2021-01-12$l0$p20122693$r2021-01-12 00:00:00$w2021-01-12$yTYPE_UNK$OKoopman
=999  \\$c6692$d6692

