=LDR  01019aam a2200217   4500
=001  6698
=008  250620s1915\\\\|||ofa||\||||\001\0\eng\d
=041  \\$aeng
=100  \\$aCox, J. Charles$d1843-1919$1http://www.wikidata.org/entity/Q18546516$910321
=245  \\$aPulpits, Lecterns, & Organs in English Churches
=260  \\$c1915$aLondon$bOxford University Press
=300  \\$axi-228 pages
=590  \\$awith 155 illustrations
=650  \0$aChurch$1http://www.wikidata.org/entity/Q16970$93776
=650  \0$aOrgan$1http://www.wikidata.org/entity/Q1444$92810
=650  \0$aApplied arts$1http://www.wikidata.org/entity/Q2865882$921627
=650  \0$aInterior design$1http://www.wikidata.org/entity/Q179232$921367
=651  \0$aUnited Kingdom$1http://www.wikidata.org/entity/Q21$1http://www.wikidata.org/entity/Q145$9273
=942  \\$cBOO
=952  \\$00$10$2ddc$40$6TOP_GB_0_000000000000000$70$8TOP$96697$aORPH$bORPH$cKTS0$d2021-01-12$eKoopman$i19B26$l0$oTOP GB 0$p20125095$r2021-01-12 00:00:00$w2021-01-12$yBOO$OKoopman
=999  \\$d6698

