=LDR  00317    a2200109   4500
=001  6701
=100  \\$aCramer, G.$910327
=245  \\$aTerugzien in bewondering
=260  \\$c1982
=942  \\$cBOO
=952  \\$00$10$40$70$96700$aORPH$bORPH$cLOC_UNK$d2021-01-12$l0$p20128987$r2021-01-12 00:00:00$w2021-01-12$yTYPE_UNK$OKoopman
=999  \\$c6701$d6701

