=LDR  00374    a2200121   4500
=001  6703
=020  \\$a912024917
=100  \\$aCrecquillon, Thomas$d1500s-1557$4cmp$910329
=245  \\$aThe Motets - A critical study
=260  \\$c1970
=942  \\$cSCO
=952  \\$00$10$40$70$8SCO$96702$aORPH$bORPH$cKTS1_P$d2021-01-12$l0$p20121763$r2021-01-12 00:00:00$w2021-01-12$ySCO$OW.1800-1
=999  \\$c6703$d6703

