=LDR  01037cam a2200229 a 4500
=001  6710
=005  20250925143257.0
=008  821018s1981\\\\enk\\\\\\b\\\\000\0\eng\\
=020  \\$a0853656134 (pbk. : set) :$c£15.00
=040  \\$aOI
=100  \\$aCroucher, Trevor$4aut$910335
=245  10$aEarly Music Discography:$bFrom Plainsong to the Sons of Bach
=260  \\$aLondon$bLibrary Association$c1981
=300  \\$a2 volumes (273+301 pages)$c21 cm
=505  \\$gv. 1. Record index -- v. 2. Composer, plainsong, anonymous work, and performer indexes.
=648  \0$a20th Century (1901-2000)$1http://www.wikidata.org/entity/Q6927$920936
=650  \0$aEarly music$1http://www.wikidata.org/entity/Q436016$93160
=650  \0$aSound recording industry$1http://www.wikidata.org/entity/Q10302058$92246
=650  \0$aBibliography$1http://www.wikidata.org/entity/Q134995$93965
=942  \\$cBOO
=952  \\$00$10$2ddc$40$6REF_1_000000000000000$70$8REF$96709$aORPH$bORPH$cKM12_1$d2021-01-12$oREF1$p20129989$r2021-01-12 00:00:00$w2021-01-12$yBOO
=999  \\$d6710

