=LDR  01030cam a2200241 a 4500
=001  6711
=005  20250120115915.0
=008  920311s1992\\\\enkab\\\\b\\\\001\0\eng\\
=020  \\$a0198162553
=040  \\$aOI
=100  \\$aCrowther, Victor$910336
=245  14$aThe oratorio in Modena /$cVictor Crowther.
=260  \\$aOxford :$bClarendon Press ;$aNew York :$bOxford University Press,$c1992.
=300  \\$avii, 215 p. :$bill., map ;$c25 cm.
=504  \\$aIncludes bibliographical references (p. [205]-207) and indexes.
=650  \0$aOratorio$1http://www.wikidata.org/entity/Q85477$91825
=856  \\$uhttp://www.loc.gov/catdir/enhancements/fy0635/92010520-d.html$3Publisher description
=942  \\$cBOO
=952  \\$00$10$40$70$96710$aORPH$bORPH$cLOC_UNK$d2021-01-12$l0$p20123607$r2021-01-12 00:00:00$w2021-01-12$yTYPE_UNK$OKoopman
=999  \\$c6711$d6711
=490  \\$aOxford monographs on music
=651  \0$aItaly$1http://www.wikidata.org/entity/Q38$922
=648  \0$a17th Century (1601-1700)$1http://www.wikidata.org/entity/Q7016$920923

