=LDR  01620aab a2200277   4500
=001  6720
=008  250624s1952\\\\||||||||\||||\00|\0\eng\d
=041  \\$aeng
=100  \\$aCudworth, Charles$d1908-1977$1http://www.wikidata.org/entity/Q18670940$914620
=245  \\$aThe english symphonists of the Eighteenth Century
=260  \\$c1952$aCambridge$bCambridge University Press
=490  \\$aProceedings of the Royal Musical Association $vSession LXXVIII, 1951-52
=500  \\$aAutograph dedication "With all good wishes to Willem Noske from Charles Cudworth Xmas 1952". 
Noske was a Dutch violonist and music historian (1918–1995)
=561  \\$aWillem Noske (manuscript)
=590  \\$aExtracted from the "Proceedings of the Royal Musical Association" Session LXXVIII
=648  \0$a18th Century (1701-1800)$1http://www.wikidata.org/entity/Q7015$920899
=650  \0$aSymphony$1http://www.wikidata.org/entity/Q9734$92527
=650  \0$aMusic history$1http://www.wikidata.org/entity/Q846047$921373
=650  \0$aMusical analysis$1http://www.wikidata.org/entity/Q1544924$92775
=650  \0$aComposing$1http://www.wikidata.org/entity/Q92186587$1http://www.wikidata.org/entity/Q11895763$93076
=650  \0$aEnglish$1http://www.wikidata.org/entity/Q1860$92138
=651  \0$aUnited Kingdom$1http://www.wikidata.org/entity/Q21$1http://www.wikidata.org/entity/Q145$9273
=856  \\$uhttps://www.jstor.org/stable/i231196
=942  \\$cART
=952  \\$00$10$2ddc$40$6TOP_GB_5_000000000000000$70$8TOP$96719$aORPH$bORPH$cKTS0$d2021-01-12$eKoopman$i44B02$l0$oTOP GB 5$p20126710$r2021-01-12 00:00:00$w2021-01-12$yART$OKoopman
=999  \\$d6720

