=LDR  00438    a2200133   4500
=001  6732
=020  \\$a3775135863
=022  \\$a00772461
=100  \\$aD'Accone, Frank A.$d1931-2022$1http://www.wikidata.org/entity/Q17579937$916520
=245  \\$aMusica Disciplina volume LI 1997
=260  \\$c1997
=942  \\$cBOO
=952  \\$00$10$40$70$96731$aORPH$bORPH$cLOC_UNK$d2021-01-12$l0$p20121419$r2021-01-12 00:00:00$w2021-01-12$yTYPE_UNK$OKoopman
=999  \\$c6732$d6732

