=LDR  01263cam a22002777a 4500
=001  6735
=005  20251003085456.0
=008  841206s1905\\\\|||afc\\\c\\\\001\0dfre\d
=041  \\$afre
=100  \\$aDacier, Émile$d1876-1952$1http://www.wikidata.org/entity/Q8320043$4aut$940415
=245  13$aLe Musée de la Comédie-Française, 1680-1905
=260  \\$aParis$bBaranger$c1905
=300  \\$axii-203 pages, [21] leaves of plates
=500  \\$aPublisher from label on t.p.
=500  \\$aIncludes indexes.
=610  \0$aComédie-Française (Paris, France)$1http://www.wikidata.org/entity/Q61460498$920931
=650  \0$aCatalogue$1http://www.wikidata.org/entity/Q2352616$921484
=650  \0$aMuseum$1http://www.wikidata.org/entity/Q33506$93137
=650  \0$aTheater history$1http://www.wikidata.org/entity/Q1061140$94607
=650  \0$aActor$1http://www.wikidata.org/entity/Q33999$93442
=650  \0$aActing$1http://www.wikidata.org/entity/Q222749$92807
=651  \0$aParis (France)$1http://www.wikidata.org/entity/Q90$9160
=700  \\$aClaretie, Jules$d1840-1913$4win$921133
=942  \\$cBOO
=952  \\$00$10$2ddc$40$6TOP_FR_PAR$70$8TOP$96734$aORPH$bORPH$cKTS0$d2021-01-12$eKoopman$i41F05$l0$oTOP FR.PAR$p20120120$r2021-01-12 00:00:00$w2021-01-12$yBOO
=999  \\$d6735

