=LDR  00752cam a2200217 a 4500
=001  6745
=005  20250120120541.0
=008  890731s1988\\\\ne\a\\\\\b\\\\000\0\dut\\
=020  \\$a9063221517 :$cfl 29.90
=040  \\$aOI
=041  0\$adut$beng
=100  \\$aDam, Jan Daniël van$d-1950$910368
=245  10$aNederlandse tegels /$cJ.D. van Dam.
=260  \\$aUtrecht :$bVeen/Reflex,$c1988.
=300  \\$a128 p. :$bill. (some col.) ;$c21 cm.
=504  \\$aIncludes bibliographical references (p. 126-127).
=650  \0$aTile$923437
=942  \\$cBOO
=952  \\$00$10$40$70$96744$aORPH$bORPH$cLOC_UNK$d2021-01-12$l0$p20128152$r2021-01-12 00:00:00$w2021-01-12$yTYPE_UNK$OKoopman
=999  \\$c6745$d6745
=651  \0$aNetherlands$1http://www.wikidata.org/entity/Q55$9173

