=LDR  00345    a2200121   4500
=001  6746
=020  \\$a9789040087974
=100  \\$aDam, J. D. van$910369
=245  \\$aDelfsse Porceleyne
=260  \\$c2004
=942  \\$cBOO
=952  \\$00$10$40$70$96745$aORPH$bORPH$cLOC_UNK$d2021-01-12$l0$p20122735$r2021-01-12 00:00:00$w2021-01-12$yTYPE_UNK$OKoopman
=999  \\$c6746$d6746

