=LDR  01785ccm a2200385 a 4500
=001  6750
=005  20250120115736.0
=008  060915s2001\\\\ne\moa|\\behi\\n\\|\lat\d
=010  \\$a  2006485644
=020  \\$a9070534347
=035  \\$a(CStRLIN)NYUGB13348074-C
=035  \\$a(NNU)NYUb13348074
=040  \\$aNYP$cNYP$dOCLCQ$dIUL$dCStRLIN$dDLC
=041  0\$alat$aita$aita$alat$eeng$hita$hlat$geng
=042  \\$alccopycat
=100  1\$aDanckerts, Ghiselin,$dapproximately 1510-
=240  10$aWorks.$f2001
=245  14$aThe vocal works /$cGhiselin Danckerts ; edited by Eric Jas.
=260  \\$aMiddelburg, The Netherlands :$bKoninklijk Zeeuwsch Genootschap der Wetenschappen,$c2001.
=300  \\$a1 score (xxiv, 38 p.) ;$c33 cm.
=500  \\$aFor 4-8 voices, unacc.; the last title, a madrigal is for 4 voices. The other works are motets.
=500  \\$aContains all the known surviving and fully complete musical works attributed to Danckerts based on the most recent research available at the time of publication.
=546  \\$aChiefly Latin words (the last work in Italian); words printed also as texts with English translations.
=500  \\$aPref. in English.
=505  0\$aAve maris stella -- Crucem sanctam subiit -- Letamini in Domino -- Suscipe verbum virgo Maria -- Tua est potentia -- Fedel, qual sempre fui.
=650  \0$aChoruses, Sacred (Mixed voices), Unaccompanied.
=650  \0$aVocal quartets, Unaccompanied.
=650  \0$aMotets.
=650  \0$aMadrigals, Italian.
=700  1\$aJas, Eric.
=952  \\$00$10$40$70$8SCO$96749$aORPH$bORPH$cKTS1_P$d2021-01-12$l0$p20124323$r2021-01-12 00:00:00$w2021-01-12$ySCO$OW.1789-V
=999  \\$c6750$d6750
=490  \\$aExempla musica Zelandica ;
=651  \0$aItaly$1http://www.wikidata.org/entity/Q38$922
=942  \\$cSCO

