=LDR  00842aam a2200217   4500
=001  6782
=005  20251008125951.0
=008  250930s1994\\\\|||aof||\b|||\001\0\dut\d
=041  \\$adut$heng
=100  \\$aDawson, Barry$910402$4aut$4pht
=245  \\$aDe traditionele bouwkunst van Indonesië
=260  \\$aThoth$bBussum$c1994
=300  \\$a191 pages
=650  \0$aArchitecture$1http://www.wikidata.org/entity/Q12271$93185
=650  \0$aMaterial culture$1http://www.wikidata.org/entity/Q2143054$921735
=651  \0$aIndonesia$1http://www.wikidata.org/entity/Q252$97
=700  \\$aGillow, John$4aut$941462
=765  \\$aThe Traditional Architecture of Indonesia
=942  \\$cBOO
=952  \\$00$10$2ddc$40$6TOP_ID$70$8TOP$96781$aORPH$bORPH$cKTS0$d2021-01-12$eKoopman$i28E31$l0$oTOP ID$p20121403$r2021-01-12 00:00:00$w2021-01-12$yBOO$OKoopman
=999  \\$d6782

