=LDR  01059cam a22002294a 4500
=001  6787
=005  20250605144224.0
=008  060913s2005\\\\be\a\\\\\\\\\\001\0\dut\\
=020  \\$a9080885525
=040  \\$aOI
=041  \\$adut
=100  \\$aDe Schepper, Marcus$910407$4aut
=245  10$aABC Antwerpse bibliofiele collecties :$bCatalogus bij de tentoonstelling in de Bibliotheek Stadscampus Universiteit Antwerpen, 19 maart-30 april 2005
=260  \\$aAntwerp$bVereniging van Antwerpse Bibliofielen$c2005
=300  \\$a80 p.$bill. (some col.)$c24 cm.
=490  \\$aUitgaven van de Vereniging van Antwerpse Bibliofielen, Nieuwe reeks$v2
=650  \0$aCollecting$1http://www.wikidata.org/entity/Q208165$92117
=650  \0$aBook$1http://www.wikidata.org/entity/Q571$92285
=651  \0$aAntwerp (Belgium)$1http://www.wikidata.org/entity/Q12892$920974
=942  \\$cBOO
=952  \\$00$10$2ddc$40$6BIB_4_000000000000000_BE_ANT$70$8BIB$96786$aORPH$bORPH$cKTS0$d2021-01-12$eKoopman$i33F13$l0$oBIB4 BE.ANT$p20120904$r2021-01-12 00:00:00$w2021-01-12$yBOO$OKoopman
=999  \\$d6787

