=LDR  00401    a2200121   4500
=001  6808
=020  \\$a0807814393
=100  \\$aLalande, Michel Richard de$d1657-1726$4cmp$1http://www.wikidata.org/entity/Q312979$97980
=245  \\$aDe profundis
=260  \\$c1980
=942  \\$cSCO
=952  \\$00$10$40$70$8SCO$96807$aORPH$bORPH$cKTS1_P$d2021-01-12$l0$p20121686$r2021-01-12 00:00:00$w2021-01-12$ySCO$OW.0225
=999  \\$c6808$d6808

