=LDR  00403    a2200109   4500
=001  6828
=100  \\$aDescartes, René$d1596-1650$1http://www.wikidata.org/entity/Q9191$95525
=245  \\$aAusgewählte Schriften
=260  \\$c1980
=942  \\$cBOO
=952  \\$00$10$2ddc$40$6PHI_DESC_A$70$8PHI$96827$aORPH$bORPH$cKM12_3_2$d2021-01-12$fKoopman$i38D27$oPHI DESC a$p20122378$r2021-01-12 00:00:00$w2021-01-12$yBOO
=999  \\$c6828$d6828

