=LDR  00822aam a2200193   4500
=001  6830
=008  250318s1961\\\\||||||||\b|||\001\0\ger\d
=041  \\$ager
=059  \\$a316 pages
=100  \\$aDetlefsen, Hans Peter$910461$4aut
=245  \\$aMusikgeschichte der Stadt Flensburg$bbis zum Jahre 1850
=260  \\$c1961$aKassel$bBärenreiter
=490  \\$aSchriften des Landesinstituts für Musikforschung Kiel$v11
=648  \0$aPast$1http://www.wikidata.org/entity/Q192630$922196
=650  \0$aMusic history$1http://www.wikidata.org/entity/Q846047$921373
=651  \0$aFlensburg (Germany)$1http://www.wikidata.org/entity/Q3798$939944
=942  \\$cBOO
=952  \\$00$10$2ddc$40$6TOP_DE_FLE$70$8TOP$96829$aORPH$bORPH$cKTS0$d2021-01-12$eKoopman$i20C33$l0$oTOP DE.FLE$p20128080$r2021-01-12 00:00:00$w2021-01-12$yBOO$OKoopman
=999  \\$d6830

