=LDR  00979aam a2200217   4500
=001  6838
=005  20251003085456.0
=008  241217s1946\\\\||||||||\||||\00|\0\eng\d
=041  \\$aeng
=100  \\$aDeutsch, Otto Erich$d1883-1967$910702
=245  \\$aMusic Publishers' Numbers: $bA Selection of 40 Dated Lists
=260  \\$c1946$aLondon$bAslib
=300  \\$a30 pages
=561  \\$awith the signature of Reeser on the cover
=650  \0$aMusic printing$1http://www.wikidata.org/entity/Q64416036$94007
=650  \0$aPublishing$1http://www.wikidata.org/entity/Q3972943$93049
=650  \0$aMusic publishing company$1http://www.wikidata.org/entity/Q1917775$927716
=650  \0$aCatalogue$1http://www.wikidata.org/entity/Q2352616$1http://www.wikidata.org/entity/Q6941730$921484
=942  \\$cBOO
=952  \\$00$10$2ddc$40$6BIB_3_000000000000000_DEUT$70$8BIB$96837$aORPH$bORPH$cKTS0$d2021-01-12$eKoopman$i46A02$l0$oBIB3 DEUT$p20127597$r2021-01-12 00:00:00$w2021-01-12$yBOO$OKoopman
=999  \\$d6838

