=LDR  00344    a2200097   4500
=001  6871
=100  \\$aDiepenbrock, Alphons$d1862-1921$4cmp$1http://www.wikidata.org/entity/Q952378$97103
=245  \\$aDe vogels
=942  \\$cSCO
=952  \\$00$10$40$70$8SCO$96870$aORPH$bORPH$cKTS1_P$d2021-01-12$l0$p20124044$r2021-01-12 00:00:00$w2021-01-12$ySCO$OW.1493
=999  \\$c6871$d6871

