=LDR  00344    a2200097   4500
=001  6872
=100  \\$aDiepenbrock, Alphons$d1862-1921$4cmp$1http://www.wikidata.org/entity/Q952378$97103
=245  \\$aDie Nacht
=942  \\$cSCO
=952  \\$00$10$40$70$8SCO$96871$aORPH$bORPH$cKTS1_P$d2021-01-12$l0$p20124292$r2021-01-12 00:00:00$w2021-01-12$ySCO$OW.2067
=999  \\$c6872$d6872

