=LDR  00339    a2200109   4500
=001  6877
=100  \\$aDijck, Godfried Christiaan Maria van$910486
=245  \\$aDe Bossche Optimaten
=260  \\$c1973
=942  \\$cBOO
=952  \\$00$10$40$70$96876$aORPH$bORPH$cLOC_UNK$d2021-01-12$l0$p20121200$r2021-01-12 00:00:00$w2021-01-12$yTYPE_UNK$OKoopman
=999  \\$c6877$d6877

