=LDR  02145nam a2200289 a 4500
=001  6880
=008  870902s1987\\\\ne\a\\\\\b\\\\001\0\dut\\
=041  \\$adut
=245  14$aHet klavecimbel in de Nederlandse kunst tot 1800.$bThe Harpsichord in Dutch Art Before 1800
=260  \\$aZutphen$bWalburg$c1987
=300  \\$a162 pages$billustrations$c24 cm
=504  \\$aBibliography: p. [160]
=520  \\$aOp het grensgebied van muziekwetenschap en kunstgeschiedenis ligt het vak muziekiconografie, een recent vak dat zich bezighoudt met de geschiedenis en de symboliek van muziek in de beeldende kunst. Dit boek hoort op dat grensgebied thuis; het bevat ruim 250 afbeeldingen van Nederlandse kunstwerken tot 1800, waar een klavecimbel of een verwant instrument op voorkomt, en is daarmee aardig op weg naar volledigheid. De afbeeldingen zijn zwart-wit, vrij klein, en niet altijd erg duidelijk. Verder bevat het gegevens over de afgebeelde kunstwerken (kunstenaar, titel, afmetingen, jaar van ontstaan, verblijfplaats), een literatuurlijst, een index, en twee korte inleidingen.
=648  \0$a16th Century (1501-1600)$1http://www.wikidata.org/entity/Q7017$920944
=648  \0$a17th Century (1601-1700)$1http://www.wikidata.org/entity/Q7016$920923
=648  \0$a18th Century (1701-1800)$1http://www.wikidata.org/entity/Q7015$920899
=650  \0$aFine art$1http://www.wikidata.org/entity/Q219625$921579
=650  \0$aHarpsichord$1http://www.wikidata.org/entity/Q81982$92125
=650  \0$aIconography$1http://www.wikidata.org/entity/Q208145$921259
=651  \0$aNetherlands$1http://www.wikidata.org/entity/Q55$9173
=700  \\$aDijck, Lucas van$4aut$918301
=700  \\$aKoopman, Ton$d1944-$4aut$1http://www.wikidata.org/entity/Q445121$910491
=700  \\$aWilson, Cynthia$4trl$923006
=942  \\$cBOO
=952  \\$00$10$2ddc$40$6INS_3_000000000000000_2D_DIJC$70$8INS$96879$aORPH$bORPH$cKTS0$d2020-07-08$eKoopman$i21F40$oINS3.2d DIJC$p20125535$r2021-01-12 00:00:00$w2021-01-12$yBOO
=952  \\$00$10$40$6INS_3_000000000000000_2D_NL$70$8INS$916566$aORPH$bORPH$cKTS0$d2021-11-22$oINS3.2d NL$p20117415$r2021-01-12 00:00:00$w2021-01-12$yBOO
=999  \\$d6880

