=LDR  00919nam a2200253 a 4500
=001  6881
=005  20250225155300.0
=008  911021s1991\\\\ne\a\\\\\b\\\\001\0\dut\\
=020  \\$a9070052865 :$cfl 45.00
=040  \\$aOI
=041  0\$adut$bfre
=100  \\$aDijk, Hans van$d1945-$910492
=245  10$aPanorama van drie eeuwen muziek in Limburg /$cHans van Dijk.
=260  \\$aLeeuwarden :$bEisma,$c1991.
=300  \\$axv, 285 p. :$bill. ;$c23 cm.
=504  \\$aIncludes bibliographical references (p. viii-xiv) and index.
=650  \0$aMusic$92062
=650  \0$aMusic$92062
=942  \\$cBOO
=952  \\$00$10$40$70$96880$aORPH$bORPH$cLOC_UNK$d2021-01-12$l0$p20125668$r2021-01-12 00:00:00$w2021-01-12$yTYPE_UNK$OKoopman
=999  \\$c6881$d6881
=490  \\$aMaaslandse monografieën ;
=651  \0$aNetherlands$1http://www.wikidata.org/entity/Q55$9173
=650  \0$aMusic history$1http://www.wikidata.org/entity/Q846047$921373

