=LDR  00511acm a2200157   4500
=001  6891
=008  230130s1968\\\\||||||||\||||\00|\0\ger\d
=041  \\$ager
=245  \\$aDrei Vokalwerke der schwedischen Grossmachtepoche
=260  \\$c1968
=700  \\$4edt$925683$aDijkman, L.
=700  \\$4edt$aDüben, Gustaf$d1624/8-1690$925684
=700  \\$4edt$910497$aRudbeck, O.
=942  \\$cSCO
=952  \\$00$10$40$70$8SCO$96890$aORPH$bORPH$cKTS1_P$d2021-01-12$l0$p20121823$r2021-01-12 00:00:00$w2021-01-12$ySCO$OW.1312/5
=999  \\$d6891

