=LDR  00362    a2200109   4500
=001  6904
=100  \\$aDistler, Hugo$d1908-1942$4cmp$1http://www.wikidata.org/entity/Q702366$924120
=245  \\$aMörike-Chorliederbuch
=260  \\$c1961
=942  \\$cSCO
=952  \\$00$10$40$70$8SCO$96903$aORPH$bORPH$cKTS1_P$d2021-01-12$l0$r2021-01-12 00:00:00$w2021-01-12$ySCO$OW.2678
=999  \\$c6904$d6904

