=LDR  00423    a2200121   4500
=001  6906
=020  \\$a1877170348
=100  \\$aDittersdorf, Karl Ditters von$d1739-1799$4cmp$1http://www.wikidata.org/entity/Q78522$97659
=245  \\$aSinfonia "Nazionale nel gusto di
=260  \\$c1996
=942  \\$cSCO
=952  \\$00$10$40$70$8SCO$96905$aORPH$bORPH$cKTS1_P$d2021-01-12$l0$p20124052$r2021-01-12 00:00:00$w2021-01-12$ySCO$OW.1431
=999  \\$c6906$d6906

