=LDR  01139nam a2200277 a 4500
=001  6917
=005  20250120120028.0
=008  940502s1993\\\\it\ag\\\\b\\\\000\0\ita\d
=010  \\$a   93243406 
=020  \\$a882224110X
=035  \\$a(OCoLC)29783004
=040  \\$aCU$cCU$dMoSW$dDLC
=042  \\$alccopycat
=245  00$aMusica e immagine :$btra iconografia e mondo dell'opera : studi in onore di Massimo Bogianckino /$ca cura di Biancamaria Brumana e Galliano Ciliberti.
=260  \\$aFlorence$bOlschki$c1993.
=300  \\$a244 p. :$bill., music ;$c26 cm.
=490  1\$aHistoriae musicae cultores. Biblioteca,$x0073-2516 ;$v70
=504  \\$aIncludes bibliographical references.
=650  \0$aIconography$1http://www.wikidata.org/entity/Q208145$921259
=650  \0$aOpera$1http://www.wikidata.org/entity/Q1344$92468
=700  \\$aBogianckino, Massimo$910523
=700  \\$aBrumana, Biancamaria$910524
=700  \\$aCiliberti, Galliano$910525
=942  \\$cBOO
=952  \\$00$10$2ddc$40$6VIS_BRUM$70$8VIS$96916$aORPH$bORPH$cKTS1_H$d2021-01-12$eKoopman$i37E17$l0$oVIS BRUM$p20120523$r2021-01-12 00:00:00$w2021-01-12$yBOO$OKoopman
=999  \\$d6917

