=LDR  00342    a2200109   4500
=001  6934
=100  \\$aDiverse$4cmp$910528
=245  \\$aWiener Klavier- und Orgelwerke aus der Zweiten
=260  \\$c1959
=942  \\$cSCO
=952  \\$00$10$40$70$8SCO$96933$aORPH$bORPH$cKTS1_P$d2021-01-12$l0$p20121798$r2021-01-12 00:00:00$w2021-01-12$ySCO$OW.1030-27
=999  \\$c6934$d6934

