=LDR  00347    a2200109   4500
=001  6935
=100  \\$aDiverse$4cmp$910528
=245  \\$aÖsterreichische Lautenmusik zwischen 1650 und 1720
=260  \\$c1918
=942  \\$cSCO
=952  \\$00$10$40$70$8SCO$96934$aORPH$bORPH$cKTS1_P$d2021-01-12$l0$p20121807$r2021-01-12 00:00:00$w2021-01-12$ySCO$OW.1030-50
=999  \\$c6935$d6935

