=LDR  00336    a2200109   4500
=001  6936
=100  \\$aDiverse$4cmp$910528
=245  \\$aDas Wiener Lied von 1778 bis Mozarts Tod
=260  \\$c1960
=942  \\$cSCO
=952  \\$00$10$40$70$8SCO$96935$aORPH$bORPH$cKTS1_P$d2021-01-12$l0$p20121822$r2021-01-12 00:00:00$w2021-01-12$ySCO$OW.1030-54
=999  \\$c6936$d6936

