=LDR  00330    a2200109   4500
=001  6938
=100  \\$aDiverse$4cmp$910528
=245  \\$aMusiques des intermèdes de "La Pe
=260  \\$c1986
=942  \\$cSCO
=952  \\$00$10$40$70$8SCO$96937$aORPH$bORPH$cKTS1_P$d2021-01-12$l0$p20124069$r2021-01-12 00:00:00$w2021-01-12$ySCO$OW.1239 (2
=999  \\$c6938$d6938

