=LDR  01842ccm a2200301 a 4500
=001  6939
=005  20251019213456.0
=008  890605s1977\\\\gw\uua\\\\\\\\\n\\\\\\\\\
=020  \\$a3873976005
=040  \\$aOI
=048  \\$abb04$apa01
=048  \\$aka01
=048  \\$akb01
=245  00$aAufzüge für Trompeten und Pauken. Musikstücke für mechanische Orgelwerke /$cvorgelegt von Maria Michaela Schneider-Cuvay, Ernst Hintermaier und Gerhard Walterskirchen.
=260  \\$aMünchen :$bMusikverlag E. Katzbichler,$c1977.
=300  \\$a1 score (xxi, 73 p.) ;$c33 cm.
=505  0\$aAufzüge für Trompeten und Pauken. Sechs Aufzüge : für 2 Clarini, Principale, Toccato und Timpani / von Johann Michael Gottmann. Fünf Aufzüge : für 2 Clarini, 2 Trombe und Timpani / von Pater Ignatius. Aufzug : für 2 Clarini, Principale, Toccato und Timpani / Von Thomas Kostelezki. Vier Aufzüge : für 2 Clarini, Principale, Toccato und Timpani / Bartholomäus Riedl. Fünfzehn anonyme Aufzüge -- Musikstücke für mechanische Orgelwerke. Musikstücke für das Hornwerk der Festung Hohensalzburg: für das Clavier / herausgegeben von Leopold Mozart. Musikstücke für das Orgelwerk des mechanischen Theaters in Hellbrunn.
=650  \0$aTrumpet$1http://www.wikidata.org/entity/Q8338$92388
=650  \0$aPiano$1http://www.wikidata.org/entity/Q5994$92127
=650  \0$aClock$1http://www.wikidata.org/entity/Q376$92132
=650  \0$aOrgan music$1http://www.wikidata.org/entity/Q2003283$91951
=700  \\$aSchneider-Cuvay, M. Michaela$d1933-$910536
=700  \\$aHintermaier, Ernst$d1944-$910537
=700  \\$aWalterskirchen, Gerhard$910538
=942  \\$cSCO
=952  \\$00$10$40$70$8SCO$96938$aORPH$bORPH$cKTS1_P$d2021-01-12$l0$p20124070$r2021-01-12 00:00:00$w2021-01-12$ySCO$OW.1252
=999  \\$c6939$d6939
=490  \\$aDenkmäler der Musik in Salzburg ;

