=LDR  00312    a2200109   4500
=001  6940
=100  \\$aDiverse$4cmp$910528
=245  \\$aPastorelle boemiche
=260  \\$c1955
=942  \\$cSCO
=952  \\$00$10$40$70$8SCO$96939$aORPH$bORPH$cKTS1_P$d2021-01-12$l0$p20121844$r2021-01-12 00:00:00$w2021-01-12$ySCO$OW.1532
=999  \\$c6940$d6940

