=LDR  00338    a2200109   4500
=001  6941
=100  \\$aDiverse$4cmp$910528
=245  \\$aDas mehrstimmige lied des 16. Jahrhunderts
=260  \\$c1952
=942  \\$cSCO
=952  \\$00$10$40$70$8SCO$96940$aORPH$bORPH$cKTS1_P$d2021-01-12$l0$p20121777$r2021-01-12 00:00:00$w2021-01-12$ySCO$OW.1555-03
=999  \\$c6941$d6941

