=LDR  00305    a2200109   4500
=001  6944
=100  \\$aDiverse$4cmp$910528
=245  \\$aDie Messe
=260  \\$c1967
=942  \\$cSCO
=952  \\$00$10$40$70$8SCO$96943$aORPH$bORPH$cKTS1_P$d2021-01-12$l0$p20121774$r2021-01-12 00:00:00$w2021-01-12$ySCO$OW.1555-30
=999  \\$c6944$d6944

