=LDR  00336    a2200109   4500
=001  6951
=100  \\$aDiverse$4cmp$910528
=245  \\$aDie Fantasie II, 18. bis 20. Jahrhundert
=260  \\$c1971
=942  \\$cSCO
=952  \\$00$10$40$70$8SCO$96950$aORPH$bORPH$cKTS1_P$d2021-01-12$l0$p20121767$r2021-01-12 00:00:00$w2021-01-12$ySCO$OW.1555-43
=999  \\$c6951$d6951

