=LDR  00329    a2200109   4500
=001  6960
=100  \\$aDiverse$4cmp$910528
=245  \\$aNovi Thesauri Musici Vol.V Pars I
=260  \\$c1974
=942  \\$cSCO
=952  \\$00$10$40$70$8SCO$96959$aORPH$bORPH$cKTS1_P$d2021-01-12$l0$p20121882$r2021-01-12 00:00:00$w2021-01-12$ySCO$OW.2692 -I
=999  \\$c6960$d6960

