=LDR  00331    a2200109   4500
=001  6961
=100  \\$aDiverse$4cmp$910528
=245  \\$aNovi Thesauri Musici Vol.V Pars II
=260  \\$c1974
=942  \\$cSCO
=952  \\$00$10$40$70$8SCO$96960$aORPH$bORPH$cKTS1_P$d2021-01-12$l0$p20121881$r2021-01-12 00:00:00$w2021-01-12$ySCO$OW.2692 -II
=999  \\$c6961$d6961

