=LDR  00323    a2200109   4500
=001  6962
=100  \\$aDiverse$4cmp$910528
=245  \\$aThe age of the grand tour
=260  \\$c1967
=942  \\$cSCO
=952  \\$00$10$40$70$8SCO$96961$aORPH$bORPH$cKTS1_P$d2021-01-12$l0$p20124182$r2021-01-12 00:00:00$w2021-01-12$ySCO$OW.groot.019
=999  \\$c6962$d6962

