=LDR  01298pam a2200277 i 4500
=001  6983
=005  20250925143257.0
=008  791105s1957\\\\nyuaf\\\\\\\\\000\0beng\\
=020  \\$a0306760223
=040  \\$aOI
=041  \\$aeng
=100  \\$aDolmetsch, Mabel$d1874-1963$4aut$1http://www.wikidata.org/entity/Q59527973$910558
=245  10$aPersonal Recollections of Arnold Dolmetsch
=250  \\$a1st ed.
=260  \\$aLondon$bRoutledge$bKegan Paul$c1957
=300  \\$aviii-198 pages, [16] leaves of plates$billustrations$c23 cm
=600  \0$aDolmetsch, Arnold$d1858-1940$1http://www.wikidata.org/entity/Q194638$910557
=610  \0$aDolmetsch family$1http://www.wikidata.org/entity/Q104318217$922651
=648  \0$a19th Century (1801-1900)$1http://www.wikidata.org/entity/Q6955$920935
=648  \0$a20th Century (1901-2000)$1http://www.wikidata.org/entity/Q6927$920936
=650  \0$aHistorically informed performance$1http://www.wikidata.org/entity/Q1344860$920980
=651  \0$aLe Mans (France)$1http://www.wikidata.org/entity/Q1476$923450
=651  \0$aUnited Kingdom$1http://www.wikidata.org/entity/Q21$9273
=942  \\$cBOO
=952  \\$00$10$2ddc$40$6BIO_DOLM_A$70$8BIO$96982$aORPH$bORPH$cKTS1_P$d2021-01-12$l1$oBIO DOLM a$p20130037$r2024-11-04 12:53:46$s2024-10-23$w2021-01-12$yBOO
=999  \\$d6983

