=LDR  01090cam a22002411i 4500
=001  6999
=005  20250120115930.0
=008  780105s1975\\\\ne\a\\\\\b\\\\001\0\dut\\
=020  \\$a9062275028
=040  \\$aOI
=245  04$aEen Ding van parade :$bmuziekhistorische overwegingen over academische muziek te Leiden met niet zo algemeen bekende muziek gebundeld en aan muziekminnenden aangeboden bij het vierde eeuwfeest van de Universiteit /$cdoor Jan A. F. Doove en J. Luc Knödler.
=250  \\$a2. verb. druk.
=260  \\$aLeiden :$bNew Rhine Publishers,$c1975.
=300  \\$av, 130 p. :$bill. ;$c30 cm.
=504  \\$aIncludes bibliographical references and index.
=650  \0$aMusic$92062
=700  \\$aDoove, Jan A. F.$910574
=700  \\$aKnödler, J. Luc.$910575
=710  \\$aUniversiteit Leiden (Netherlands)$1http://www.wikidata.org/entity/Q156598$922381
=942  \\$cBOO
=952  \\$00$10$40$70$96998$aORPH$bORPH$cLOC_UNK$d2021-01-12$l0$p20121118$r2021-01-12 00:00:00$w2021-01-12$yTYPE_UNK$OKoopman
=999  \\$c6999$d6999
=651  \0$aNetherlands$1http://www.wikidata.org/entity/Q55$9173

