=LDR  01169cam a2200253 a 4500
=001  7015
=008  910221s1990\\\\gw\aof\\\b\\\\001\0\ger\\
=041  \\$ager
=100  \\$aDrachenberg, Erhard$910593$4aut
=245  10$aMittelalterliche Glasmalerei in Erfurt
=260  \\$aDresden$bVerlag der Kunst$c1990
=300  \\$a296 pages
=500  \\$aBarfüsserkirche,  Predigerkirche, Augustinerkirche and Dom
=504  \\$aIncludes bibliographical references (p. 282-287).
=648  \0$aMiddle Ages (500-1400)$1http://www.wikidata.org/entity/Q12554$920964
=650  \0$aApplied arts$1http://www.wikidata.org/entity/Q2865882$921627
=650  \0$aChurch$1http://www.wikidata.org/entity/Q16970$93776
=650  \0$aCatholicism$1http://www.wikidata.org/entity/Q1841$921631
=650  \0$aIconography$1http://www.wikidata.org/entity/Q208145$921259
=651  \0$aErfurt (Thuringia)$1http://www.wikidata.org/entity/Q1729$939941
=700  \\$aStrauss, Fritz$910594$4pht
=942  \\$cBOO
=952  \\$00$10$2ddc$40$6TOP_DE_ERF_3_000000000000000$70$8TOP$97014$aORPH$bORPH$cKTS0$d2021-01-12$eKoopman$i19G6$l0$oTOP DE.ERF 3$p20125210$r2021-01-12 00:00:00$w2021-01-12$yBOO$OKoopman
=999  \\$d7015

