=LDR  01556cam a22003494a 4500
=001  7024
=005  20250925143257.0
=008  090316s2009\\\\fr\c\\\\\b\\\\000\0dfre\\
=020  \\$a9782070124671
=040  \\$aOI
=041  \\$afre
=100  \\$aDrillon, Jacques$4aut$910604
=245  10$aSur Leonhardt
=260  \\$aParis$bGallimard$c2009
=300  \\$a200 pages$bportraits$c21 cm
=490  0\$aL'Infini
=490  0\$aNRF
=504  \\$aIncludes bibliographical references.
=600  \0$aLeonhardt, Gustav$d1928-2012$1http://www.wikidata.org/entity/Q51584$917151
=648  \0$a20th Century (1901-2000)$1http://www.wikidata.org/entity/Q6927$920936
=648  \0$a21st Century (2001-2100)$1http://www.wikidata.org/entity/Q6939$920812
=650  \0$aInstrumentalist$1http://www.wikidata.org/entity/Q1278335$921706
=650  \0$aHarpsichord$1http://www.wikidata.org/entity/Q81982$92125
=650  \0$aOrgan$1http://www.wikidata.org/entity/Q1444$92810
=650  \0$aConductor$1http://www.wikidata.org/entity/Q158852$93134
=650  \0$aEarly music$1http://www.wikidata.org/entity/Q436016$93160
=650  \0$aHistorically informed performance$1http://www.wikidata.org/entity/Q1344860$920980
=650  \0$aBiography$1http://www.wikidata.org/entity/Q36279$91927
=651  \0$aNetherlands$1http://www.wikidata.org/entity/Q55$1http://www.wikidata.org/entity/Q29999$9173
=942  \\$cBOO
=952  \\$00$10$2ddc$40$6BIO_LEON_D$70$8BIO$97023$aORPH$bORPH$cKTS1_P$d2021-01-12$l0$oBIO LEON d$p20130043$r2021-01-12 00:00:00$w2021-01-12$yBOO$OThwaites
=999  \\$d7024

