=LDR  00357    a2200109   4500
=001  7025
=100  \\$aDrinker Bowen, C.$910606
=245  \\$aFrancis Bacon
=260  \\$c1963
=942  \\$cBOO
=952  \\$00$10$2ddc$40$6PHI_BACO_B_BOWE$70$8PHI$97024$aORPH$bORPH$cKM12_3_2$d2021-01-12$eKoopman$i40A16$oPHI BACO b BOWE$p20120345$r2021-01-12 00:00:00$w2021-01-12$yBOO
=999  \\$c7025$d7025

