=LDR  00368    a2200121   4500
=001  7031
=020  \\$a9790231803334
=100  \\$aLeduc, Simon$d1742-1777$4cmp$910612
=245  \\$aSymphonie en mi bémol majeur
=260  \\$c2008
=942  \\$cSCO
=952  \\$00$10$40$70$8SCO$97030$aORPH$bORPH$cKTS1_P$d2021-01-12$l0$p20121911$r2021-01-12 00:00:00$w2021-01-12$ySCO$OW.2391
=999  \\$c7031$d7031

