=LDR  01313aam a2200265   4500
=001  7032
=005  20251023171919.0
=008  251023r19661929|||af|||\b|||\001\0\eng\d
=041  \\$aeng
=100  \\$aDuchartre, Pierre-Louis$d1894-1983$1http://www.wikidata.org/entity/Q31072070$910613
=245  \\$aThe Italian Comedy.$bThe improvisation Scenarios Lives Attributes Portraits and Masks of the Illustrious Characters of the Commedia dell'Arte
=260  \\$c1966$aNew York$bDover
=300  \\$a367 pages
=590  \\$aWith a new pictorial supplement reproduced from the "Recueil Fossard" and "Compositions de rhétorique"
=650  \0$aCommedia dell'arte$1http://www.wikidata.org/entity/Q191890$94079
=650  \0$aCostume$1http://www.wikidata.org/entity/Q1410477$939558
=650  \0$aActing$1http://www.wikidata.org/entity/Q222749$92807
=650  \0$aTheater history$1http://www.wikidata.org/entity/Q1061140$94607
=650  \0$aStaging$1http://www.wikidata.org/entity/Q3508687$922118
=651  \0$aItaly$1http://www.wikidata.org/entity/Q38$922
=700  \\$aWeaver, Randolph T.$4trl$941653
=765  \\$aLa Comédie italienne
=942  \\$cBOO
=952  \\$00$10$2ddc$40$6TOP_IT$70$8TOP$97031$aORPH$bORPH$cKTS0$d2021-01-12$eKoopman$i21E4$l0$oTOP IT$p20125424$r2021-01-12 00:00:00$w2021-01-12$yBOO$OKoopman
=999  \\$d7032

