=LDR  01111aam a2200253   4500
=001  7036
=005  20251103150107.0
=008  241218s2000\\\\||||||||\||||\00|\0\eng\d
=020  \\$a0712346880
=041  \\$aeng
=100  \\$aDudbridge, G.$910617
=245  \\$aLost Books of Medieval China
=260  \\$c2000$aLondon$bThe British Library
=300  \\$a79 pages
=490  \\$aThe Panizzi Lectures$v1999
=648  \0$aClassical Antiquity (8th Century BC-6th Century AD)$1http://www.wikidata.org/entity/Q486761$921435
=648  \0$aMiddle Ages (500-1400)$1http://www.wikidata.org/entity/Q12554$920964
=650  \0$aLibrary$1http://www.wikidata.org/entity/Q7075$94229
=650  \0$aManuscript$1http://www.wikidata.org/entity/Q87167$92275
=651  \0$aChina$1http://www.wikidata.org/entity/Q29520$921493
=710  \\$aBritish Library (London, United Kingdom)$1http://www.wikidata.org/entity/Q23308$91593
=942  \\$cBOO
=952  \\$00$10$2ddc$40$6BIB_1_000000000000000_DUDB$70$8BIB$97035$aORPH$bORPH$cKTS0$d2021-01-12$eKoopman$i41A23$l0$oBIB1 DUDB$p20120192$r2021-01-12 00:00:00$w2021-01-12$yBOO$OKoopman
=999  \\$d7036

