=LDR  00563    a2200145   4500
=001  7037
=008  210311b\\\\\\\\be\|||||\||||\00|\0\eng\d
=041  \\$aeng
=100  \\$aDudley, Sherwood$910618
=245  \\$aOrchestration in the Musique d'harmonie of the French Revolution.$bChapter Six: The ornamental instruments
=260  \\$c1968$aBerkeley
=300  \\$a12 pages
=942  \\$cDIS
=952  \\$00$10$2ddc$40$6MTP_2_000000000000000_DUDL$70$8MTP$97036$aORPH$bORPH$cKM12_1$d2021-01-12$eKoopman$i34E07$l0$oMTP2 DUDL$p20120822$r2021-01-12 00:00:00$w2021-01-12$yDIS
=999  \\$c7037$d7037

