=LDR  02151cam a2200241 a 4500
=001  7038
=008  060622s2007\\\\nyuag\\\\b\\\\001\0\eng\\
=020  \\$a9780393062274
=040  \\$aOI
=041  \\$aeng
=100  \\$aDuffin, Ross W.$4aut$910619
=245  10$aHow Equal Temperament Ruined Harmony (and Why You Should Care) 
=250  \\$a1st ed.
=260  \\$aNew York$bNorton$c2007
=300  \\$a196 pages$bill., music
=504  \\$aIncludes bibliographical references (p. 171-175) and index.
=505  0\$aShouldn't leading notes lead? -- How temperament started -- Non-keyboard tuning -- "How long, O Lord, how long?" -- A bridge to the nineteenth century -- Really better or simply easier? -- Some are more equal than others -- The "Joachim mode" -- "The limbo of that which is disregarded" -- Where do we go from here?
=520  \\$aRoss W. Duffin presents an engaging and elegantly reasoned exposé of musical temperament and its impact on the way in which we experience music. A historical narrative, a music theory lesson, and, above all, an impassioned letter to musicians and listeners everywhere, How Equal Temperament Ruined Harmony possesses the power to redefine the very nature of our interactions with music today.

For nearly a century, equal temperament--the practice of dividing an octave into twelve equally proportioned half-steps--has held a virtual monopoly on the way in which instruments are tuned and played. In his new book, Duffin explains how we came to rely exclusively on equal temperament by charting the fascinating evolution of tuning through the ages. Along the way, he challenges the widely held belief that equal temperament is a perfect, "naturally selected" musical system, and proposes a radical reevaluation of how we play and hear music.
=650  \0$aTemperament$1http://www.wikidata.org/entity/Q55073971$921656
=856  \\$uhttp://www.loc.gov/catdir/toc/ecip0616/2006020903.html$3Table of contents only
=942  \\$cBOO
=952  \\$00$10$2ddc$40$6MTP_1_000000000000000_DUFF$70$8MTP$97037$aORPH$bORPH$cKM12_1$d2021-01-12$eKoopman$i35A15$l0$oMTP1 DUFF$p20122542$r2021-01-12 00:00:00$w2021-01-12$yBOO
=999  \\$d7038

