=LDR  01074aad a2200229   4500
=001  7048
=008  250604s1952\\\\|||\||||\||||\00|\0\fre\d
=041  \\$afre
=100  \\$aDufourq, Norbert$d1904-1990$1http://www.wikidata.org/entity/Q99030133$910621$4aut
=245  \\$aLa musique réligieuse en France au XVIIe siecle
=260  \\$c1952$aParis
=300  \\$a12 pages
=490  \\$aÉcrits de Paris - Revue Mensuelle$vN° 94 (subunit)
=648  \0$a18th Century (1701-1800)$1http://www.wikidata.org/entity/Q7015$920899
=650  \0$aMusic history$1http://www.wikidata.org/entity/Q846047$921373
=650  \0$aReligion$1http://www.wikidata.org/entity/Q9174$93062
=650  \0$aMusicology$1http://www.wikidata.org/entity/Q164204$93925
=650  \0$aHistoriography$1http://www.wikidata.org/entity/Q50675$921801
=651  \0$aFrance$1http://www.wikidata.org/entity/Q142$9131
=942  \\$cPER
=952  \\$00$10$2ddc$40$6TOP_FR_5_000000000000000$70$8TOP$97047$aORPH$bORPH$cKTS0$d2021-01-12$eKoopman$i47D04$l0$oTOP FR 5$p20123708$r2021-01-12 00:00:00$w2021-01-12$yPER$OKoopman
=999  \\$d7048

