=LDR  01582cam a2200313 a 4500
=001  7053
=008  091120s2009\\\\gw\aeof\\b\\\\000\0\ger\|
=041  \\$ager
=245  14$aDas Dresdner Residenzschloss
=260  \\$aBerlin$bDeutscher Kunstverlag$c2009
=300  \\$a96 pages
=490  0\$aGrosser DKV-Kunstführer
=504  \\$aIncludes bibliographical references (p. 95-96).
=610  \0$aResidenzschloss Dresden (Germany)$1http://www.wikidata.org/entity/Q167314$91294
=648  \0$a16th Century (1501-1600)$1http://www.wikidata.org/entity/Q7017$920944
=648  \0$a21st Century (2001-2100)$1http://www.wikidata.org/entity/Q6939$920812
=650  \0$aPalace$1http://www.wikidata.org/entity/Q16560$92588
=650  \0$aArchitecture$1http://www.wikidata.org/entity/Q12271$93185
=650  \0$aCultural history$1http://www.wikidata.org/entity/Q858517$922395
=650  \0$aCultural property$1http://www.wikidata.org/entity/Q2065736$927081
=651  \0$aDresden (Germany)$1http://www.wikidata.org/entity/Q1731$947
=700  \\$aOelsner, Norbert$910630$4aut
=700  \\$aDülberg, Angelica$1http://www.wikidata.org/entity/Q95191559$910629$4aut
=700  \\$aPohlack, Rosemarie$910631$4aut
=856  \\$uhttp://d-nb.info/990321495/04$3Inhaltsverzeichnis
=856  \\$uhttp://deposit.d-nb.de/cgi-bin/dokserv?id=3154526&prov=M&dok_var=1&dok_ext=htm$3Inhaltstext
=942  \\$cBOO
=952  \\$00$10$2ddc$40$6TOP_DE_DRES_4_000000000000000$70$8TOP$97052$aORPH$bORPH$cKTS0$d2021-01-12$eKoopman$i38C13$l0$oTOP DE.DRES 4$p20120436$r2021-01-12 00:00:00$w2021-01-12$yBOO$OKoopman
=999  \\$d7053

