=LDR  00335    a2200109   4500
=001  7061
=100  \\$aDupré, Marcel$d1886-1971$4cmp$910635
=245  \\$aVariations sur un Noël
=260  \\$cOp.20
=942  \\$cSCO
=952  \\$00$10$40$70$8SCO$97060$aORPH$bORPH$cKTS1_P$d2021-01-12$l0$p20124036$r2021-01-12 00:00:00$w2021-01-12$ySCO$OW.1562
=999  \\$c7061$d7061

