=LDR  00318    a2200109   4500
=001  7062
=100  \\$aDurante, E$910636
=245  \\$aCronsistoria del Concerto
=260  \\$c1989
=942  \\$cBOO
=952  \\$00$10$40$70$97061$aORPH$bORPH$cLOC_UNK$d2021-01-12$l0$p20129096$r2021-01-12 00:00:00$w2021-01-12$yTYPE_UNK$OKoopman
=999  \\$c7062$d7062

