=LDR  00760nam a22002415i 4500
=001  7063
=005  20230123093104.0
=008  170310s2017\\\\cau\\\\\\\\\\\000\0\eng\\
=020  \\$a9781473912182 (pbk.)
=020  \\$a9781473912175 (hardback)
=040  \\$aOI$beng$erda
=100  \\$aMason, Jennifer$910637
=245  10$aQualitative researching /$cJennifer Mason.
=250  \\$a3rd edition.
=263  \\$a1710
=264  \1$aThousand Oaks, CA :$bSAGE Publications,$c2017.
=300  \\$apages cm
=336  \\$atext$btxt$2rdacontent
=337  \\$aunmediated$bn$2rdamedia
=338  \\$avolume$bnc$2rdacarrier
=942  \\$cBOO
=952  \\$00$10$2ddc$40$70$8COLL_UNK$97062$aORPH$bORPH$cLOC_UNK$d2021-01-12$r2021-01-12 00:00:00$w2021-01-12$yBOO$OKoopman
=999  \\$c7063$d7063

