=LDR  01257cam a2200265 a 4500
=001  7065
=005  20250219092048.0
=008  830614s1982\\\\it\g\\\\\cb\\\000\0\ita\\
=020  \\$a8870630242 :$cL25000
=040  \\$aOI
=110  \\$aConservatorio di musica "Cesare Pollini" (Padua, Italy)$1http://www.wikidata.org/entity/Q3687220$91295
=245  10$aCatalogo dei manoscritti musicali del Conservatorio "Cesare Pollini" di Padova /$c[a cura del] Sergio Durante, Maria Nevilla Massaro.
=260  \\$aTorino, Italia :$bEDT/musica,$cc1982.
=300  \\$axxii, 159 p. :$bmusic ;$c25 cm.
=504  \\$aBibliography: p. 3-4.
=650  \0$aManuscript$1http://www.wikidata.org/entity/Q87167$92275
=610  \0$aConservatorio di musica "Cesare Pollini" (Padua, Italy)$1http://www.wikidata.org/entity/Q3687220$91295
=700  \\$aDurante, Sergio$d1954-$910638
=700  \\$aMassaro, Maria Nevilla$910639
=710  \\$aAssociazione veneta per la ricerca delle fonti musicali (Venice, Italy)$91242
=740  0\$aManoscritti del Conservatorio di Padova.
=942  \\$cBOO
=952  \\$00$10$40$70$97064$aORPH$bORPH$cLOC_UNK$d2021-01-12$l0$p20120804$r2021-01-12 00:00:00$w2021-01-12$yTYPE_UNK$OKoopman
=999  \\$c7065$d7065
=490  \\$aCataloghi di fondi musicali italiani ;

