=LDR  00950cam a2200217 a 4500
=001  7089
=005  20250926134854.0
=008  881108s1988\\\\gw\agh\\\b\\\\000\0\ger\\
=020  \\$a3423044764
=020  \\$a376184476X (Bärenreiter)
=040  \\$aOI
=100  \\$aDürr, Alfred$d1918-2011$1http://www.wikidata.org/entity/Q84411$910643
=245  14$aDie Johannes-Passion von Johann Sebastian Bach :$bEntstehung, Überlieferung, Werkeinführung /$cAlfred Dürr.
=250  \\$aOriginalausg.
=260  \\$aMünchen :$bDeutscher Taschenbuch ;$aKassel :$bBärenreiter,$c1988.
=300  \\$a152 p. :$bill., music, facsim. ;$c20 cm.
=504  \\$aBibliography: p. 150-152.
=600  \0$aBach, Johann Sebastian$d1685-1750$1http://www.wikidata.org/entity/Q1339$94766
=942  \\$cBOO
=952  \\$00$10$40$6BIO_BACH1_E$70$8BIO$97088$aORPH$bORPH$cKTS1_P$d2021-01-12$eKoopman$i31D27$oBIO BACH1 e$p20121054$r2021-01-12 00:00:00$w2021-01-12$yBOO$OKoopman
=999  \\$c7089$d7089

