=LDR  01064aam a2200217   4500
=001  7091
=005  20250926134854.0
=008  230217s1989\\\\||||||||\||||\00|\0\ger\d
=020  \\$a3765102539
=041  \\$ager
=100  \\$aDürr, Alfred$d1918-2011$4aut$1http://www.wikidata.org/entity/Q84411$910643
=245  \\$aBachs Werk vom Einfall bis zur Drucklegung:$bJahresgabe 1988 der Internationalen Bach-Gesellschaft Schaffhausen
=260  \\$aWiesbaden$bBreitkopf & Härtel$c1989
=600  \0$aBach, Johann Sebastian$d1685-1750$1http://www.wikidata.org/entity/Q1339$94766
=648  \0$a18th Century (1701-1800)$1http://www.wikidata.org/entity/Q7015$920899
=650  \0$aComposing$1http://www.wikidata.org/entity/Q92186587$93076
=650  \0$aMusic printing$1http://www.wikidata.org/entity/Q64416036$94007
=651  \0$aLeipzig (Germany)$1http://www.wikidata.org/entity/Q2079$945
=942  \\$cBOO
=952  \\$00$10$40$6BIO_BACH1_E$70$8BIO$97090$aORPH$bORPH$cKTS1_P$d2021-01-12$eKoopman$i46D11$oBIO BACH1 e$p20127696$r2021-01-12 00:00:00$w2021-01-12$yBOO$OKoopman
=999  \\$d7091

