=LDR  00388    a2200109   4500
=001  7093
=100  \\$aDussek, Johann Ladislaus$d1760-1812$4cmp$1http://www.wikidata.org/entity/Q357172$96167
=245  \\$aSonate XVII-XXIII Vol. Terzo
=260  \\$c1980
=942  \\$cSCO
=952  \\$00$10$40$70$8SCO$97092$aORPH$bORPH$cKTS1_P$d2021-01-12$l0$p20124214$r2021-01-12 00:00:00$w2021-01-12$ySCO$OW.0884
=999  \\$c7093$d7093

