=LDR  00734nam a2200193 a 4500
=001  7096
=005  20250120120009.0
=008  940504s1993\\\\pl\af\\\\\\\\\000\0\eng\\
=020  \\$a8322908032
=040  \\$aOI
=041  1\$aeng$hpol
=100  \\$aDziurla, Henryk.$910651
=245  10$aAula Leopoldina Universitatis Wratislaviensis /$cHenryk Dziurla ; [translated by Ewa Kȩbłowska-Ławniczak].
=260  \\$aWrocław :$bWydawn. Uniwersytetu Wrocławskiego,$c1993.
=300  \\$a36 p., [28] p. leaves of plates :$bcol. ill. ;$c19 x 21 cm.
=610  \0$aUniwersytet Wrocławski$91298
=942  \\$cBOO
=952  \\$00$10$40$70$97095$aORPH$bORPH$cLOC_UNK$d2021-01-12$l0$p20128419$r2021-01-12 00:00:00$w2021-01-12$yTYPE_UNK$OKoopman
=999  \\$c7096$d7096

