=LDR  00841cam a2200217 a 4500
=001  7098
=005  20250120120033.0
=008  900302s1991\\\\nyua\\\\\b\\\\001\0\eng\\
=020  \\$a0810936089
=040  \\$aOI
=100  \\$aEaton, Faith.$910653
=245  14$aThe miniature house /$cFaith Eaton ; photographs by Nick Nicholson.
=260  \\$aNew York :$bH.N. Abrams,$c1991.
=300  \\$a167 p. :$bill. (some col.) ;$c26 cm.
=504  \\$aIncludes bibliographical references (p. 161-162) and index.
=650  \0$aDoll$1http://www.wikidata.org/entity/Q168658$92593
=650  \0$92594$aMiniature dolls$xHistory.
=700  \\$aNicholson, Nick$910654
=942  \\$cBOO
=952  \\$00$10$2ddc$40$6VIS_EATO$70$8VIS$97097$aORPH$bORPH$cKTS1_H$d2021-01-12$eKoopman$i21E13$l0$oVIS EATO$p20125415$r2021-01-12 00:00:00$w2021-01-12$yBOO$OKoopman
=999  \\$c7098$d7098

