=LDR  01548aam a2200253   4500
=001  7106
=008  250618s1907\\\\|||f||||\||||\00|\0dfre\d
=041  \\$afre
=100  \\$aÉcorcheville, Jules$d1872-1915$1http://www.wikidata.org/entity/Q3189014$918493
=245  \\$aActes d'état civil de musiciens insinués au Châtelet de Paris (1539-1650)
=260  \\$c1907$aParis$bFortin
=300  \\$a97 pages
=490  \\$aPublications de la Société Internationale de Musique, Section de Paris
=500  \\$aCivil registry recording and managing information about musicians'/dancers...' legal status, particularly their birth, marriage, and death and other life events within the Châtelet district of Paris. Historically, the Châtelet was a fortress that later became the seat of Paris's justice system and law enforcement. 
=648  \0$a16th Century (1501-1600)$1http://www.wikidata.org/entity/Q7017$920944
=648  \0$a17th Century (1601-1700)$1http://www.wikidata.org/entity/Q7016$920923
=650  \0$aLaw$1http://www.wikidata.org/entity/Q7748$93727
=650  \0$aSociety$1http://www.wikidata.org/entity/Q8425$94658
=650  \0$aMusic history$1http://www.wikidata.org/entity/Q846047$921373
=650  \0$aMusician$1http://www.wikidata.org/entity/Q639669$93574
=651  \0$aParis (France)$1http://www.wikidata.org/entity/Q90$9160
=942  \\$cBOO
=952  \\$00$10$2ddc$40$6TOP_FR_PAR_4_000000000000000$70$8TOP$97105$aORPH$bORPH$cKTS0$d2021-01-12$eKoopman$i38F40$l0$oTOP FR.PAR 4$p20122341$r2021-01-12 00:00:00$w2021-01-12$yBOO$OKoopman
=999  \\$d7106

