=LDR  01113cam a2200265 a 4500
=001  7107
=005  20250602170802.0
=008  890601s1989\\\\miug\\\\\b\\\\000\0\eng\\
=020  \\$z0899900470
=040  \\$aOI
=041  \\$aeng
=100  \\$aEddy, Marmee Alexandra$910664
=245  14$aThe Rost Manuscript of Seventeenth-Century Chamber Music :$bA Thematic Catalog
=260  \\$aWarren, Michigan$bHarmonie Park Press$c1989
=300  \\$axxxii-83 pages$bmusic$c26 cm.
=490  \\$aDetroit studies in music bibliography $v63
=504  \\$aBibliography: p. xxvii-xxviii.
=610  \0$aBibliothèque nationale de France (Paris)$91301
=630  \0$aCodex Rost.
=648  \0$a17th Century (1601-1700)$1http://www.wikidata.org/entity/Q7016$920923
=650  \0$aChamber music$1http://www.wikidata.org/entity/Q189201$92105
=650  \0$aManuscript$1http://www.wikidata.org/entity/Q87167$92275
=942  \\$cBOO
=952  \\$00$10$2ddc$40$6BIB_4_000000000000000_FR_PAR_ROST$70$8BIB$97106$aORPH$bORPH$cKTS0$d2021-01-12$eKoopman$i20G27$l0$oBIB4 FR.PAR ROST$p20128160$r2021-01-12 00:00:00$w2021-01-12$yBOO$OKoopman
=999  \\$d7107

