=LDR  00618cam a22001811  4500
=001  7145
=005  20250109133335.0
=008  720811r19581956\\\a\\\\\\\\\\000\0\eng\\
=040  \\$aOI
=100  \\$aEinstein, Alfred$d1880-1952$4aut$910698
=245  00$aEssays on music
=250  \\$aEnglish ed.
=260  \\$aLondon$bFaber and Faber$c1958
=300  \\$a265 pages
=942  \\$cBOO
=952  \\$00$10$2ddc$40$6TRE_EINS$70$8TRE$97144$aORPH$bORPH$cKTS1_H$d2021-01-12$eKoopman$i20E21$l0$oTRE EINS$p20125359$r2021-01-12 00:00:00$w2021-01-12$yBOO
=999  \\$c7145$d7145
=650  \0$aMusic history$1http://www.wikidata.org/entity/Q846047$921373

