=LDR  01242aam a2200289   4500
=001  7155
=008  230308r19771877||||||||\b|||\00|\0\ger\d
=020  \\$a3487004038
=020  \\$a 9783487004037
=041  \\$ager
=100  \\$aEitner, Robert$d1832-1905$4aut$1http://www.wikidata.org/entity/Q65269$919833
=245  \\$aBibliographie der Musik-Sammelwerke des 16. und 17. Jahrhunderts
=250  \\$a2nd ed.
=260  \\$c1977$aHildesheim$bOlms
=300  \\$aix-964 pages
=534  \\$aOriginally published in 1877
=648  \0$a16th Century (1501-1600)$1http://www.wikidata.org/entity/Q7017$920944
=648  \0$a17th Century (1601-1700)$1http://www.wikidata.org/entity/Q7016$920923
=650  \0$aBibliography$1http://www.wikidata.org/entity/Q134995$93965
=650  \0$aCollecting$1http://www.wikidata.org/entity/Q208165$92117
=650  \0$aMusic history$1http://www.wikidata.org/entity/Q846047$921373
=700  \\$aHaberl, Franz Xaver$d1840-1910$4aut$939334
=700  \\$aLagerberg, A.$4aut$939335
=700  \\$aPohl, C.F.$4aut$939336
=942  \\$cBOO
=952  \\$00$10$2ddc$40$6BIB_3_000000000000000_EITN$70$8BIB$97154$aORPH$bORPH$cKTS0$d2021-01-12$i29E03$l0$oBIB3 EITN$p20121294$r2021-01-12 00:00:00$w2021-01-12$yBOO$OKoopman
=999  \\$d7155

