=LDR  01042aam a2200229   4500
=001  7166
=008  250428s1951\\\\|||afoe|\b|||\00|\0\ger\d
=041  \\$ager
=245  \\$aSt. Marien zu Lübeck und seine Wandmalereien
=260  \\$c1951$aNeumünster in Holstein$bWachholtz
=300  \\$a152-[33] pages
=490  \\$aArbeiten des kunsthistorischen Instituts der Universität Kiel$vBand 2
=610  \0$aMarienkirche (Lübeck, Germany)$1http://www.wikidata.org/entity/Q695065$91740
=650  \0$aChurch$1http://www.wikidata.org/entity/Q16970$93776
=650  \0$aArchitecture$1http://www.wikidata.org/entity/Q12271$93185
=650  \0$aFine art$1http://www.wikidata.org/entity/Q219625$921579
=651  \0$aLübeck (Germany)$1http://www.wikidata.org/entity/Q2843$9125
=700  \\$aEllger, Dietrich$4aut$910722
=700  \\$aKolbe, Johanna$4aut$940095
=942  \\$cBOO
=952  \\$00$10$2ddc$40$6TOP_DE__LUB$70$8TOP$97165$aORPH$bORPH$cKTS0$d2021-01-12$eKoopman$i35A18$l0$oTOP DE. LUB$p20122539$r2021-01-12 00:00:00$w2021-01-12$yBOO$OKoopman
=999  \\$d7166

