=LDR  01304aam a2200229   4500
=001  7183
=008  241127s1996\\\\|||a||||\||||\00|\0\ger\d
=022  \\$a01778358
=100  \\$aEmbach, Michael$4edt$910739
=245  \\$aMitteilungsblatt der Arbeitsgemeinschaft Katholisch-Theologischer Bibliotheken 1996
=260  \\$c1996$aTrier$bArbeitsgemeinschaft Katholisch-Theologischer Bibliotheken
=300  \\$a255 pages
=490  \\$aMitteilungsblatt der Arbeitsgemeinschaft Katholisch-Theologischer Bibliotheken$v43
=500  \\$aTon Koopman acquired this volume for the article by Michael Embach: Das bedeutendste Buchprojekt der Inkunablezeit: Die Schedelsche Weltchronik von 1493, on page 103-131, about the Nuremberg Chronicle. 
=600  \0$aCoberger, Anton$dc.1440-1513$939257
=648  \0$a15th Century (1401-1500)$1http://www.wikidata.org/entity/Q7018$921015
=650  \0$aPrinting$1http://www.wikidata.org/entity/Q11034$921936
=650  \0$aPrint circulation$1http://www.wikidata.org/entity/Q759811$922678
=710  \\$aArbeitsgemeinschaft Katholisch-Theologischer Bibliotheken (AKThB)$939256
=942  \\$cBOO
=952  \\$00$10$2ddc$40$6BIB_1_000000000000000_AKTB$70$8BIB$97182$aORPH$bORPH$cKTS0$d2021-01-12$eKoopman$i42D12$l0$oBIB1 AKTB$p20122055$r2021-01-12 00:00:00$w2021-01-12$yBOO$OKoopman
=999  \\$d7183

