=LDR  00354    a2200121   4500
=001  7184
=020  \\$a9789462083233
=100  \\$aEmber, I.$910740
=245  \\$aHollandse meesters uit Boedapest
=260  \\$c2016
=942  \\$cBOO
=952  \\$00$10$40$70$97183$aORPH$bORPH$cLOC_UNK$d2021-01-12$l0$p20121531$r2021-01-12 00:00:00$w2021-01-12$yTYPE_UNK$OKoopman
=999  \\$c7184$d7184

