=LDR  01141pam a2200253 a 4500
=001  7185
=005  20250120120149.0
=008  871116s1988\\\\caua\\\\\bc\\s001\0\eng\\
=020  \\$a0520097033 (alk. paper)
=040  \\$aOI
=100  \\$aEmerson, John A.$d1926-1999$910741
=245  10$aCatalog of pre-1900 vocal manuscripts in the Music Library, University of California at Berkeley /$cby John A. Emerson.
=260  \\$aBerkeley :$bUniversity of California Press,$cc1988.
=300  \\$axxiii, 348 p. :$bill. ;$c26 cm.
=504  \\$aBibliography: p. 273-277.
=650  \0$aVocal music$1http://www.wikidata.org/entity/Q685884$93319
=650  \0$aManuscript$1http://www.wikidata.org/entity/Q87167$92275
=610  \0$aUniversity of California, Berkeley (CA, USA)$91307
=710  \\$aUniversity of California, Berkeley (CA, USA)$91307
=856  \\$uhttp://www.loc.gov/catdir/description/ucal041/87030229.html$3Publisher description
=942  \\$cBOO
=952  \\$00$10$40$70$97184$aORPH$bORPH$cLOC_UNK$d2021-01-12$l0$p20128493$r2021-01-12 00:00:00$w2021-01-12$yTYPE_UNK$OKoopman
=999  \\$c7185$d7185
=490  \\$aUniversity of California publications.

