=LDR  00346    a2200121   4500
=001  7191
=020  \\$a9789068251661
=100  \\$aEnckevort, H. van$910745
=245  \\$aHet Kops Plateau
=260  \\$c1996
=942  \\$cBOO
=952  \\$00$10$40$70$97190$aORPH$bORPH$cLOC_UNK$d2021-01-12$l0$p20122168$r2021-01-12 00:00:00$w2021-01-12$yTYPE_UNK$OKoopman
=999  \\$c7191$d7191

