=LDR  00991aam a2200217   4500
=001  7194
=008  250331s1966\\\\|||jagf|\||||\001\0dger\d
=100  \\$aEngel, Hans$d1894-1970$910748$4aut
=245  \\$aMusik in Thüringen
=260  \\$c1966$aCologne$aGraz$bBöhlau
=300  \\$avii-288 pages
=490  \\$aMitteldeutsche Forschungen$vBand 39
=500  \\$aContains inserted folded page with genealogy of the Bach-Family
=648  \0$aPast$1http://www.wikidata.org/entity/Q192630$922196
=650  \0$aMusic history$1http://www.wikidata.org/entity/Q846047$921373
=650  \0$aMusician$1http://www.wikidata.org/entity/Q639669$93574
=650  \0$aComposer$1http://www.wikidata.org/entity/Q36834$93625
=651  \0$aThuringia (Germany)$1http://www.wikidata.org/entity/Q1205$922311
=942  \\$cBOO
=952  \\$00$10$2ddc$40$6TOP_DE_THU_0_000000000000000$70$8TOP$97193$aORPH$bORPH$cKTS0$d2021-01-12$eKoopman$i43A14$l0$oTOP DE.THU 0$p20127267$r2021-01-12 00:00:00$w2021-01-12$yBOO$OKoopman
=999  \\$d7194

