=LDR  00317    a2200109   4500
=001  7201
=100  \\$aEngels, M. H. H.$910755
=245  \\$aFraneker Folianten
=260  \\$c1985
=942  \\$cBOO
=952  \\$00$10$40$70$97200$aORPH$bORPH$cLOC_UNK$d2021-01-12$l0$p20122066$r2021-01-12 00:00:00$w2021-01-12$yTYPE_UNK$OKoopman
=999  \\$c7201$d7201

