=LDR  00741aam a2200181   4500
=001  7212
=008  250506s1967\\\\|||oca||\b|||\001\0dger\d
=041  \\$ager
=100  \\$aErdmann, Hans$d1911-1986$1http://www.wikidata.org/entity/Q23060257$910764$4aut
=245  \\$aSchwerin als Stadt der Musik
=260  \\$c1967$aLübeck $bSchmidt-Römhild
=300  \\$a176 pages
=590  \\$aMit 69 Abbildungen
=650  \0$aMusic history$1http://www.wikidata.org/entity/Q846047$921373
=651  \0$aSchwerin (Germany)$1http://www.wikidata.org/entity/Q1709$940155
=942  \\$cBOO
=952  \\$00$10$2ddc$40$6TOP_DE__SCH4$70$8TOP$97211$aORPH$bORPH$cKTS0$d2021-01-12$eKoopman$i47F28$l0$oTOP DE. SCH4$p20123823$r2021-01-12 00:00:00$w2021-01-12$yBOO$OKoopman
=999  \\$d7212

