=LDR  01381cam a2200325 a 4500
=001  7245
=005  20250219092125.0
=008  000313s1999\\\\it\a\\\\\b\\\\001\0\ita\d
=010  \\$a   00333484 
=020  \\$a8870962253
=035  \\$a(OCoLC)ocm43620174
=035  \\$a(III)iiio32444400
=040  \\$aEYM$cEYM$dMBB$dDLC
=042  \\$alccopycat
=043  \\$ae-it---
=100  \\$aFabris, Dinko$d1958-$910797
=245  10$aMecenati e musici :$bdocumenti sul patronato artistico dei Bentivoglio di Ferrara nell'epoca di Monteverdi (1585-1645) /$cDinko Fabris.
=260  \\$aLucca :$bLibreria musicale italiana,$cc1999.
=300  \\$aviii, 514 p. :$bill. ;$c25 cm.
=504  \\$aIncludes bibliographical references (p. [125]-145) and indexes.
=610  \0$aBentivoglio family$1http://www.wikidata.org/entity/Q12785705$922328
=650  \0$aPatronage$1http://www.wikidata.org/entity/Q214092$94245
=650  \0$aPatronage$1http://www.wikidata.org/entity/Q214092$94245
=942  \\$cBOO
=952  \\$00$10$40$70$97244$aORPH$bORPH$cLOC_UNK$d2021-01-12$l0$p20122047$r2021-01-12 00:00:00$w2021-01-12$yTYPE_UNK$OKoopman
=999  \\$c7245$d7245
=490  \\$aConNotazioni ;
=651  \0$aItaly$1http://www.wikidata.org/entity/Q38$922
=648  \0$a17th Century (1601-1700)$1http://www.wikidata.org/entity/Q7016$920923
=650  \0$aMusic history$1http://www.wikidata.org/entity/Q846047$921373

