=LDR  02152cam a2200361 a 4500
=001  7264
=008  000315s1999\\\\gw\gh\\\\bc\\\001\0\ger\d
=010  \\$a   00316076 
=020  \\$a3890073492
=040  \\$aOHX$cOHX$dMBB$dDLC
=041  \\$ager
=100  \\$aFechner, Manfred$4aut$910818
=245  10$aStudien zur Dresdner Überlieferung von Instrumentalkonzerten deutscher Komponisten des 18. Jahrhunderts:$bdie Dresdner Konzert-Manuskripte von Georg Philipp Telemann, Johann David Heinichen, Johann Georg Pisendel, Johann Friedrich Fasch, Gottfried Heinrich Stölzel, Johann Joachim Quantz und Johann Gottlieb Graun
=260  \\$aLaaber$bLaaber-Verlag$c1999
=300  \\$a437 pages
=490  \\$aDresdner Studien zur Musikwissenschaft$v2
=504  \\$aIncludes bibliographical references (p. 405-418) and indexes.
=590  \\$aUntersuchungen an den Quellen und thematischer Katalog
=600  \0$aTelemann, Georg Philipp$d1681-1767$1http://www.wikidata.org/entity/Q75854$99287
=600  \0$aHeinichen, Johann David$d1683-1729$1http://www.wikidata.org/entity/Q506627$95215
=600  \0$aPisendel, Johann Georg$d1687-1755$1http://www.wikidata.org/entity/Q508635$914818
=600  \0$aFasch, Johann Friedrich$d1688-1758$1http://www.wikidata.org/entity/Q77236$913257
=600  \0$aStölzel, Gottfried Heinrich$d1690-1749$1http://www.wikidata.org/entity/Q27600199$97024
=600  \0$aQuantz, Johann Joachim$d1697-1773$1http://www.wikidata.org/entity/Q77212$96465
=600  \0$aGraun, Johann Gottlieb$d1702/03-1771$1http://www.wikidata.org/entity/Q502321$99277
=610  \0$aSächsische Landesbibliothek (Dresden, Germany)$91585
=648  \0$a18th Century (1701-1800)$1http://www.wikidata.org/entity/Q7015$920899
=650  \0$aMusic history$1http://www.wikidata.org/entity/Q846047$921373
=650  \0$aConcerto$1http://www.wikidata.org/entity/Q9748$921817
=651  \0$aDresden (Germany)$1http://www.wikidata.org/entity/Q1731$947
=942  \\$cBOO
=952  \\$00$10$2ddc$40$6TOP_DE_DRES_5_000000000000000$70$8TOP$97263$aORPH$bORPH$cKTS0$d2021-01-12$eKoopman$i43A02$l0$oTOP DE.DRES 5$p20127279$r2021-01-12 00:00:00$w2021-01-12$yBOO
=999  \\$d7264

