=LDR  01391aam a2200265   4500
=001  7273
=008  250429s2001\\\\|||agc||\b|||\001\0dfre\|
=041  \\$afre
=100  \\$aFeist, Romain$d1964-$1http://www.wikidata.org/entity/Q112541792$910827$4aut
=245  \\$aL'école de Mannheim, $bou L'Athènes musicale des pays germaniques
=260  \\$c2001$aGeneva$bPapillon
=300  \\$a135 pages
=648  \0$a18th Century (1701-1800)$1http://www.wikidata.org/entity/Q7015$920899
=650  \0$aMusic history$1http://www.wikidata.org/entity/Q846047$921373
=650  \0$aCourt$1http://www.wikidata.org/entity/Q1134237$922191
=650  \0$aPatronage$1http://www.wikidata.org/entity/Q214092$94245
=650  \0$aCappella$1http://www.wikidata.org/entity/Q19902156$922910
=650  \0$aMannheim School$1http://www.wikidata.org/entity/Q275647$940111
=650  \0$aComposer$1http://www.wikidata.org/entity/Q36834$93625
=650  \0$aComposing$1http://www.wikidata.org/entity/Q92186587$1http://www.wikidata.org/entity/Q11895763$93076
=650  \0$aMusical style$1http://www.wikidata.org/entity/Q11921029$92421
=651  \0$aMannheim (Germany)$1http://www.wikidata.org/entity/Q2119$9218
=942  \\$cBOO
=952  \\$00$10$2ddc$40$6TOP_DE_MAN_5_000000000000000$70$8TOP$97272$aORPH$bORPH$cKTS0$d2021-01-12$eKoopman$i33E72$l0$oTOP DE.MAN 5$p20120919$r2021-01-12 00:00:00$w2021-01-12$yBOO$OKoopman
=999  \\$d7273

