=LDR  01621aam a2200289   4500
=001  7284
=008  250331s1962\\\\|||oag||\||||\01|\0dger\d
=041  \\$ager
=245  \\$aStudien zur Musikgeschichte des Rheinlandes II
=260  \\$c1962$aCologne$b1962
=300  \\$avi-307 pages
=490  \\$aBeiträge zur rheinischen Musikgeschichte$vHeft 52
=590  \\$aKarl Gustav Fellerer zum 60. Geburtstag überreicht von den Mitgliedern der Arbeitsgemeinschaft für rheinische Musikgeschichte
=600  \0$aFellerer, Karl Gustav$d1902-1984$1http://www.wikidata.org/entity/Q102481$910833
=648  \0$aPast$1http://www.wikidata.org/entity/Q192630$922196
=650  \0$aMusic history$1http://www.wikidata.org/entity/Q846047$921373
=651  \0$aMittelrhein (Rheinland-Pfalz, Germany)$1http://www.wikidata.org/entity/Q60663695$939966
=651  \0$aNorth Rhine-Westphalia (Germany)$1http://www.wikidata.org/entity/Q1198$923645
=651  \0$aRheinland-Pfalz$1http://www.wikidata.org/entity/Q1200$939965
=651  \0$aHesse (Germany)$1http://www.wikidata.org/entity/Q1199$922806
=700  \\$aDrux, Herbert$4edt$939991
=700  \\$aNiemöller, Klaus Wolfgang$d1929-2024$1http://www.wikidata.org/entity/Q1745884$4edt$914812
=700  \\$aThoene, Wolfgang$4edt$914392
=942  \\$cBOO
=952  \\$00$10$2ddc$40$6TOP_DE_RHI$70$8TOP$97283$aORPH$bORPH$cKTS0$d2021-01-12$eKoopman$i20C42$l0$oTOP DE.RHI$p20128071$r2021-01-12 00:00:00$w2021-01-12$yBOO$OKoopman
=952  \\$00$10$2ddc$40$6TOP_DE_RHI$70$8TOP$926593$aORPH$bORPH$cKTS0$d2025-03-31$eKoopman$i28E10$l0$oTOP DE.RHI$p20121378$r2025-03-31 09:47:56$w2025-03-31$yBOO
=999  \\$d7284

