=LDR  00835aam a2200205   4500
=001  7292
=005  20251028151802.0
=008  250617s1982\\\\||||||||\||||\00|\0\eng\d
=020  \\$a0521286034
=041  \\$aeng
=100  \\$aFenlon, Iain$d1949-$4aut$916998
=245  \\$aMusic and Patronage in Sixteenth-Century Mantua$nvol. 2
=260  \\$aCambridge$bCambridge University Press$c1982
=648  \0$a16th Century (1501-1600)$1http://www.wikidata.org/entity/Q7017$920944
=650  \0$aMusic history$1http://www.wikidata.org/entity/Q846047$921373
=650  \0$aPatronage$1http://www.wikidata.org/entity/Q214092$94245
=651  \0$aMantua (Italy)$1http://www.wikidata.org/entity/Q6247$921593
=942  \\$cBOO
=952  \\$00$10$40$70$97291$aORPH$bORPH$cLOC_UNK$d2021-01-12$l0$p20123374$r2021-01-12 00:00:00$w2021-01-12$yTYPE_UNK$OKoopman
=999  \\$d7292

