=LDR  01383cam a22002654a 4500
=001  7293
=005  20251028152546.0
=008  020801s2002\\\\enkao\\\\b\\\\001\0\eng\|
=041  \\$aeng
=100  \\$aFenlon, Iain$d1949-$1http://www.wikidata.org/entity/Q5980428$916998$4aut
=245  10$aMusic and culture in late Renaissance Italy
=260  \\$aOxford$aNew York$bOxford University Press$c2002
=300  \\$axiv-265 pages
=648  \0$a16th Century (1501-1600)$1http://www.wikidata.org/entity/Q7017$920944
=650  \0$aMusic history$1http://www.wikidata.org/entity/Q846047$921373
=650  \0$aCultural history$1http://www.wikidata.org/entity/Q858517$922395
=650  \0$aCourt$1http://www.wikidata.org/entity/Q1134237$922191
=650  \0$aReligion$1http://www.wikidata.org/entity/Q9174$93062
=651  \0$aItaly$1http://www.wikidata.org/entity/Q38$922
=856  \\$uhttp://www.loc.gov/catdir/enhancements/fy0613/2002027407-d.html$3Publisher description
=856  \\$uhttp://www.loc.gov/catdir/enhancements/fy0613/2002027407-t.html$3Table of contents only
=856  \\$uhttp://www.loc.gov/catdir/enhancements/fy0723/2002027407-b.html$3Contributor biographical information
=942  \\$cBOO
=952  \\$00$10$2ddc$40$6TOP_IT_4_000000000000000$70$8TOP$97292$aORPH$bORPH$cKTS0$d2021-01-12$eKoopman$i42A12$l0$oTOP IT 4$p20122141$r2021-01-12 00:00:00$w2021-01-12$yBOO$OKoopman
=999  \\$d7293

