=LDR  00318    a2200109   4500
=001  7307
=100  \\$aFerrari, G.$910852
=245  \\$aIl Concerto degli Angeli
=260  \\$c1990
=942  \\$cBOO
=952  \\$00$10$40$70$97306$aORPH$bORPH$cLOC_UNK$d2021-01-12$l0$p20128575$r2021-01-12 00:00:00$w2021-01-12$yTYPE_UNK$OKoopman
=999  \\$c7307$d7307

