=LDR  00415    a2200121   4500
=001  7310
=005  20250120120321.0
=100  \\$aFesch, Willem de$d1687-1761$4cmp$1http://www.wikidata.org/entity/Q999550$95302
=245  \\$aSix Sonatas for Two Violins
=260  \\$c1995
=942  \\$cSCO$2ddc
=952  \\$00$10$40$70$8SCO$97309$aORPH$bORPH$cKTS1_P$d2021-01-12$l0$p20121896$r2021-01-12 00:00:00$w2021-01-12$ySCO$OW.2647-1
=999  \\$c7310$d7310

