=LDR  00736    a2200157   4500
=001  7311
=005  20250120120321.0
=008  210217b\\\\\\\\be\|||||\||||\00|\0\eng\d
=100  \\$aFesch, Willem de$d1687-1761$4cmp$1http://www.wikidata.org/entity/Q999550$95302
=245  \\$aSix Sonatas for Two Violoncellos
=260  \\$c1995
=942  \\$cSCO$2ddc
=952  \\$00$10$40$70$8SCO$97310$aORPH$bORPH$cKTS1_P$d2021-01-12$l0$p20121893$r2021-01-12 00:00:00$w2021-01-12$ySCO$OW.2647-11
=952  \\$00$10$40$70$8SCO$97314$aORPH$bORPH$cKTS1_P$d2021-01-12$l0$p20121895$r2021-01-12 00:00:00$w2021-01-12$ySCO$OW.2647-2
=952  \\$00$10$40$70$8SCO$97318$aORPH$bORPH$cKTS1_P$d2021-01-12$l0$p20121894$r2021-01-12 00:00:00$w2021-01-12$ySCO$OW.2647-6
=999  \\$c7311$d7311

