=LDR  00626    a2200169   4500
=001  7334
=008  210830s1985\\\\\\\|||||\||||\00|\0\ger\
=020  \\$a3890070355
=041  \\$ager
=100  \\$aDahlhaus, Carl$d1928-1989$4edt$916277
=245  \\$aNeues Handbuch der Musikwissenschaft: Die Musik des 18. Jahrhunderts
=260  \\$c1985$aLaaber$bLaaber-Verlag
=300  \\$a434 pages
=490  \\$aNeues Handbuch der Musikwissenschaft$v5
=942  \\$cBOO
=952  \\$00$10$2ddc$40$6MTP_1_000000000000000_DAHL$70$8MTP$97333$aORPH$bORPH$cKM12_1$d2021-01-12$eKoopman$i28C07$oMTP1 DAHL$p20121442$r2021-01-12 00:00:00$w2021-01-12$yBOO
=999  \\$d7334

