=LDR  00331    a2200109   4500
=001  7342
=100  \\$aFischer, P.$910872
=245  \\$aMusik auf niederländischen Gemälden
=260  \\$c1972
=942  \\$cBOO
=952  \\$00$10$40$70$97340$aORPH$bORPH$cLOC_UNK$d2021-01-12$l0$p20125234$r2021-01-12 00:00:00$w2021-01-12$yTYPE_UNK$OKoopman
=999  \\$c7342$d7342

