=LDR  01025aam a2200229   4500
=001  7356
=005  20250925143257.0
=008  241212s1994\\\\||||||||\||||\00|\0beng\d
=020  \\$a0413690903
=100  \\$aFleming, Fergus$4aut$910890
=245  \\$aAmaryllis Fleming
=260  \\$aLondon$bMethuen$c1994
=300  \\$a270 pages
=600  \0$aFleming, Amaryllis$d1925-1999$1http://www.wikidata.org/entity/Q4740365$939306
=610  \0$aRoyal College of Music (Kensington and Chelsea, United Kingdom)$1http://www.wikidata.org/entity/Q304985$922412
=648  \0$a20th Century (1901-2000)$1http://www.wikidata.org/entity/Q6927$920936
=650  \0$aCellist$1http://www.wikidata.org/entity/Q13219637$92689
=650  \0$aFemale$1http://www.wikidata.org/entity/Q6581072$921764
=650  \0$aMusic education$1http://www.wikidata.org/entity/Q27908$921766
=942  \\$cBOO
=952  \\$00$10$2ddc$40$6BIO_FLEM_ED$70$8BIO$97354$aORPH$bORPH$cKTS1_P$d2021-01-12$oBIO FLEM e-->d$p20130040$r2021-01-12 00:00:00$w2021-01-12$yBOO$OThwaites
=999  \\$d7356

