=LDR  01694nam a2200325 a 4500
=001  7364
=005  20251003085457.0
=008  961003s1995\\\\gw\af\\\\bc\\\000\0\ger\|
=041  \\$ager
=245  00$aSpeculum Ævi:$bKirchengesang in Lübeck als Spiegel der Zeiten
=246  30$aKirchengesang in Lübeck als Spiegel der Zeiten
=260  \\$aLübeck$bSchmidt-Römhild$c1995
=300  \\$a109-[3] pages
=504  \\$aIncludes bibliographical references.
=590  \\$aAusstellung zur 18. Studientagung der Internationalen Arbeitsgemeinschaft für Hymnologie, Bibliothek der Hansestadt Lübeck, Mantelsaal, 7.8-24.9.1995
=610  \0$aBibliothek der Hansestadt Lübeck (Germany)$91314
=650  \0$aVocal music$1http://www.wikidata.org/entity/Q685884$93319
=650  \0$aChurch music$1http://www.wikidata.org/entity/Q8812109$1http://www.wikidata.org/entity/Q1065742$92283
=650  \0$aReligion$1http://www.wikidata.org/entity/Q9174$93062
=650  \0$aMusic history$1http://www.wikidata.org/entity/Q846047$921373
=650  \0$aCatalogue$1http://www.wikidata.org/entity/Q2352616$1http://www.wikidata.org/entity/Q6941730$921484
=650  \0$aExhibition$1http://www.wikidata.org/entity/Q464980$925353
=651  \0$aLübeck (Germany)$1http://www.wikidata.org/entity/Q2843$9125
=700  \\$aKadelbach, Ada$d1942-$4edt$910894
=700  \\$aSchnoor, Arndt$4edt$910895
=710  \\$aInternational Fellowship for Research in Hymnology$91313
=710  \\$aBibliothek der Hansestadt Lübeck (Germany)$91314
=942  \\$cBOO
=952  \\$00$10$2ddc$40$6TOP_DE_LUB$70$8TOP$97362$aORPH$bORPH$cKTS0$d2021-01-12$eKoopman$i33B29$l0$oTOP DE.LUB$p20122749$r2021-01-12 00:00:00$w2021-01-12$yBOO
=999  \\$d7364

