=LDR  00911cam a2200217 a 4500
=001  7390
=005  20250120120225.0
=008  871203s1987\\\\ne\a\\\\\b\\\\001\0\eng\\
=020  \\$a9060274113
=020  \\$a906027394X (pbk.)
=040  \\$aOI
=100  \\$aFolter, Siegrun H.$910911
=245  10$aPrivate libraries of musicians and musicologists :$ba bibliography of catalogs : with introduction and notes$cby Siegrun H. Folter.
=260  \\$aBuren [The Netherlands] :$bKnuf$c1987
=300  \\$a261 pages$bill. ;$c22 cm.
=490  \\$aAuction catalogues of music ;$v7 
=650  \0$aLibrary$1http://www.wikidata.org/entity/Q7075$94229
=650  \0$aCollecting$1http://www.wikidata.org/entity/Q208165$92117
=942  \\$cBOO
=952  \\$00$10$2ddc$40$6BIB_3_000000000000000_FOLT$70$8BIB$97388$aORPH$bORPH$cKTS0$d2021-01-12$eKoopman$i20C06$l0$oBIB3 FOLT$p20127940$r2021-01-12 00:00:00$w2021-01-12$yBOO$OKoopman
=999  \\$d7390

