=LDR  01181cam a2200253 a 4500
=001  7395
=008  890309s2006\\\\sz\aoe\\\b\\\\001\0\fre\|
=041  \\$afre
=100  \\$aFontannaz, Monique$4aut$940395
=245  04$aLa Ville de Moudon
=260  \\$aBern$bSHAS$c2006
=300  \\$a575 pages
=490  1\$aLes Monuments d'art et d'histoire de la Suisse; Les Monuments d'art et d'histoire du canton de Vaud.$vVI
=504  \\$aIncludes bibliographical references and indexes.
=650  \0$aUrban design$1http://www.wikidata.org/entity/Q63100$939883
=650  \0$aHistory$1http://www.wikidata.org/entity/Q309$921403
=650  \0$aArchitecture$1http://www.wikidata.org/entity/Q12271$93185
=650  \0$aInterior design$1http://www.wikidata.org/entity/Q179232$921367
=650  \0$aApplied arts$1http://www.wikidata.org/entity/Q2865882$921627
=650  \0$aChurch$1http://www.wikidata.org/entity/Q16970$93776
=651  \0$aMoudon (Switzerland)$1http://www.wikidata.org/entity/Q70202$940396
=942  \\$cBOO
=952  \\$00$10$2ddc$40$6TOP_CH_MOU$70$8TOP$97393$aORPH$bORPH$cKTS0$d2021-01-12$eKoopman$i42E04$l0$oTOP CH.MOU$p20122046$r2021-01-12 00:00:00$w2021-01-12$yBOO$OKoopman
=999  \\$d7395

