=LDR  00340    a2200121   4500
=001  7407
=020  \\$a9023003683
=100  \\$aFourest, H. P.$910925
=245  \\$aDelfts aardewerk
=260  \\$c1980
=942  \\$cBOO
=952  \\$00$10$40$70$97405$aORPH$bORPH$cLOC_UNK$d2021-01-12$l0$p20122570$r2021-01-12 00:00:00$w2021-01-12$yTYPE_UNK$OKoopman
=999  \\$c7407$d7407

