=LDR  00325    a2200109   4500
=001  7413
=100  \\$aFrançaix, Jean$d1912-1997$4cmp$910932
=245  \\$aL'Insectarium
=260  \\$c1959
=942  \\$cSCO
=952  \\$00$10$40$70$8SCO$97411$aORPH$bORPH$cKTS1_P$d2021-01-12$l0$p20124032$r2021-01-12 00:00:00$w2021-01-12$ySCO$OW.1614
=999  \\$c7413$d7413

