=LDR  00392    a2200109   4500
=001  7422
=100  \\$aFranck, Johann Wolfgang$dc. 1644-c. 1710$4cmp$1http://www.wikidata.org/entity/Q875682$910940
=245  \\$aDie drey Töchter Cecrops'
=260  \\$c1938
=942  \\$cSCO
=952  \\$00$10$40$70$8SCO$97420$aORPH$bORPH$cKTS1_P$d2021-01-12$l0$p20124041$r2021-01-12 00:00:00$w2021-01-12$ySCO$OW.1511
=999  \\$c7422$d7422

