=LDR  00343    a2200121   4500
=001  7424
=020  \\$a044486573X
=100  \\$aFrank - van Westrie$910944
=245  \\$aDe Groote Tour
=260  \\$c1983
=942  \\$cBOO
=952  \\$00$10$40$70$97422$aORPH$bORPH$cLOC_UNK$d2021-01-12$l0$p20122739$r2021-01-12 00:00:00$w2021-01-12$yTYPE_UNK$OKoopman
=999  \\$c7424$d7424

