=LDR  01307aam a2200265   4500
=001  7425
=008  250527s1954\\\\|||\||||\b|||\001\0\eng\d
=041  \\$aeng
=100  \\$aFrank, Grace$d1886-1978$1http://www.wikidata.org/entity/Q1541034$940264$4aut
=245  \\$aThe medieval french drama
=260  \\$c1954$aOxford$bClarendon Press
=300  \\$a296 pages
=648  \0$aMiddle Ages (500-1400)$1http://www.wikidata.org/entity/Q12554$920964
=648  \0$aRenaissance (1400-1600)$1http://www.wikidata.org/entity/Q4692$920965
=650  \0$aTheater history$1http://www.wikidata.org/entity/Q1061140$94607
=650  \0$aStaging$1http://www.wikidata.org/entity/Q3508687$922118
=650  \0$aLiturgy$1http://www.wikidata.org/entity/Q172331$92284
=650  \0$aMystery play$1http://www.wikidata.org/entity/Q240911$940265
=650  \0$aReligion$1http://www.wikidata.org/entity/Q9174$93062
=650  \0$aCultural history$1http://www.wikidata.org/entity/Q858517$922395
=650  \0$aMusic history$1http://www.wikidata.org/entity/Q846047$921373
=651  \0$aFrance$1http://www.wikidata.org/entity/Q142$9131
=942  \\$cBOO
=952  \\$00$10$2ddc$40$6TOP_FR_3_000000000000000$70$8TOP$97423$aORPH$bORPH$cKTS0$d2021-01-12$eKoopman$i43B40$l0$oTOP FR 3$p20127213$r2021-01-12 00:00:00$w2021-01-12$yBOO$OKoopman
=999  \\$d7425

