=LDR  01070aam a2200217   4500
=001  7427
=008  230524s1981\\\\||||||||\||||\00|\0\ger\d
=041  \\$ager
=100  \\$aFranke, H. M.$910946$4aut
=245  \\$aDer Liber ordinarius der Regularkanoniker der Windesheimer Kongregation
=246  \1$aOrdinarius Divini Officii pro Ordine Canonicorum Regularium Capittuli sive Congregationis Windesemensis
=260  \\$c1981$aBonn$bLeverkusen-Opladen
=300  \\$axxxv-90 pages
=490  \\$aStudia Vindesemensia$v2,1
=500  \\$aOriginally presented as part of the author's thesis (doctoral--Pontificia Studiorum Universitas a Sancto Thoma Aquinate in Urbe)
=610  20$1http://www.wikidata.org/entity/Q549879$aCongregation of Windesheim$926238
=650  \0$1http://www.wikidata.org/entity/Q1841$aCatholicism$921631
=650  \0$1http://www.wikidata.org/entity/Q172331$aLiturgy$92284
=942  \\$cBOO
=952  \\$00$10$2ddc$40$6TOP_NL_ZWO$70$8TOP$97425$aORPH$bORPH$cKTS0$d2021-01-12$eKoopman$l0$oTOP NL.ZWO$p20121076$r2021-01-12 00:00:00$w2021-01-12$yBOO$OKoopman
=999  \\$d7427

