=LDR  00338    a2200109   4500
=001  7433
=100  \\$aFrederik de Grote$4cmp$910951
=245  \\$aConcerte für Flöte, Streichorches
=260  \\$cs.d.
=942  \\$cSCO
=952  \\$00$10$40$70$8SCO$97431$aORPH$bORPH$cKTS1_P$d2021-01-12$l0$p20121745$r2021-01-12 00:00:00$w2021-01-12$ySCO$OW.0012
=999  \\$c7433$d7433

