=LDR  00338    a2200109   4500
=001  7434
=100  \\$aFrederik de Grote$4cmp$910951
=245  \\$aConcertos for Flute, Strings, and
=260  \\$c1967
=942  \\$cSCO
=952  \\$00$10$40$70$8SCO$97432$aORPH$bORPH$cKTS1_P$d2021-01-12$l0$p20121710$r2021-01-12 00:00:00$w2021-01-12$ySCO$OW.0144-1
=999  \\$c7434$d7434

