=LDR  00321    a2200109   4500
=001  7435
=100  \\$aFrederik de Grote$4cmp$910951
=245  \\$aSolo Flute Parts
=260  \\$c1967
=942  \\$cSCO
=952  \\$00$10$40$70$8SCO$97433$aORPH$bORPH$cKTS1_P$d2021-01-12$l0$p20121709$r2021-01-12 00:00:00$w2021-01-12$ySCO$OW.0144-2
=999  \\$c7435$d7435

