=LDR  02952cam a2200337 a 4500
=001  7437
=005  20250121142122.0
=008  900829s1989\\\\au\a\\\\\b\\\\001\0\eng\\
=020  \\$a3700116845
=040  \\$aOI
=100  \\$aFreeman, Robert Norman$d1939-$910955
=245  14$aThe practice of music at Melk Abbey :$bbased upon the documents, 1681-1826
=260  \\$aVienna$bVerlag der Österreichischen Akademie der Wissenschaften$c1989
=300  \\$a523 pages$bill. ;$c24 cm.
=490  1\$aVeröffentlichungen der Kommission für Musikforschung ;$v548. Bd.
=500  \\$aRobert N. Freeman attended UCLA from 1959 to 1971. He received his B.A., M.A., and Ph.D. (with distinction) at the school. During this period, he was awarded a Fulbright Scholarship to Austria, and it was then that he began his lifelong love affair with the country and its people. He was a solid, gifted scholar, deeply in love with his subject: the Benedictine Abbey of Melk and its music in the eighteenth century. He would speak glowingly of the Abbey, his work there, and of his second Austrian family, with whom he stayed on their farm outside the city. He was the author of monographs on the composer Franz Schneider (1979), and on The Practice of Music at Melk Based upon the Documents, 1681-1826 (1989); he edited a volume of Austrian Cloister Symphonies (1982) for the series, The Symphony, 1720-1840. Particularly important, too, were his articles on “New Sources for Beethoven’s Piano Concerto Cadenzas from Melk Abbey” (1992) and “Johann Georg Albrechtsberger’s ‘26 canoni aperti varii autori’: Observations on Canonic Theory and Repertory in the Late 18th Century” (1994). He was made a member of the Austrian Musicological Society in 1990. This was a rare honor, since foreigners can join the society only by invitation. 
=504  \\$aIncludes bibliographical references (p. [496]-504) and index.
=610  \0$aStift Melk (Austria)$1http://www.wikidata.org/entity/Q660082$91315
=610  \0$aBenedictines$1http://www.wikidata.org/entity/Q131132$921364
=648  \0$a19th Century (1801-1900)$1http://www.wikidata.org/entity/Q6955$920935
=648  \0$a17th Century (1601-1700)$1http://www.wikidata.org/entity/Q7016$920923
=648  \0$a18th Century (1701-1800)$1http://www.wikidata.org/entity/Q7015$920899
=650  \0$aMusic history$1http://www.wikidata.org/entity/Q846047$921373
=650  \0$aMonastery$1http://www.wikidata.org/entity/Q44613$926216
=650  \0$aRehearsal$1http://www.wikidata.org/entity/Q1751775$923344
=650  \0$aPerformance$1http://www.wikidata.org/entity/Q6942562$926223
=651  \0$aAustria$1http://www.wikidata.org/entity/Q40$9202
=651  \0$aMelk (Austria)$1http://www.wikidata.org/entity/Q489806$925225
=942  \\$cBOO
=952  \\$00$10$2ddc$40$6TOP_AT_KRE$70$8TOP$97435$aORPH$bORPH$cKTS0$d2021-01-12$eKoopman$i33G34$l0$oTOP AT.KRE$p20122675$r2021-01-12 00:00:00$w2021-01-12$yTYPE_UNK$OKoopman
=999  \\$d7437

