=LDR  00392    a2200109   4500
=001  7442
=100  \\$aFrescobaldi, Girolamo$d1583-1643$4cmp$1http://www.wikidata.org/entity/Q209212$910961
=245  \\$aCanzonas for bass instrument and
=260  \\$c1979
=942  \\$cSCO
=952  \\$00$10$40$70$8SCO$97440$aORPH$bORPH$cKTS1_P$d2021-01-12$l0$p20121656$r2021-01-12 00:00:00$w2021-01-12$ySCO$OW.0583 2
=999  \\$c7442$d7442

