=LDR  00393    a2200109   4500
=001  7444
=100  \\$aFrescobaldi, Girolamo$d1583-1643$4cmp$1http://www.wikidata.org/entity/Q209212$910961
=245  \\$aFive canzonas for two treble inst
=260  \\$c1976
=942  \\$cSCO
=952  \\$00$10$40$70$8SCO$97442$aORPH$bORPH$cKTS1_P$d2021-01-12$l0$p20121654$r2021-01-12 00:00:00$w2021-01-12$ySCO$OW.0583 4
=999  \\$c7444$d7444

