=LDR  01058ccm a2200253 a 4500
=001  7448
=005  20250120120019.0
=008  840314s1983\\\\paumda\\\b\\\\\n\\\\ita\\
=020  \\$a0271003642 :$c$18.50
=040  \\$aOI
=041  1\$aita$eeng$hita
=048  \\$avn05
=100  \\$aFrescobaldi, Girolamo$d1583-1643$4cmp$1http://www.wikidata.org/entity/Q209212$910961
=240  10$9533$aMadrigals,$mvoices (5)
=245  00$aFrescobaldi's Il primo libro de madrigali a cinque voci /$cedited by Charles Jacobs.
=260  \\$aUniversity Park :$bPennsylvania State University Press,$c1983.
=300  \\$a1 score (x, 165 p.) :$b3 facsims. ;$c26 cm.
=504  \\$aBibliography: p. 163-165.
=650  \0$aMadrigal$1http://www.wikidata.org/entity/Q193217$921649
=700  \\$aJacobs, Charles$d1934-1995$910993
=856  \\$uhttp://www.loc.gov/catdir/enhancements/fy1309/83043035-d.html$3Publisher description
=942  \\$cSCO
=952  \\$00$10$40$70$8SCO$97446$aORPH$bORPH$cKTS1_P$d2021-01-12$l0$p20124293$r2021-01-12 00:00:00$w2021-01-12$ySCO$OW.1996
=999  \\$c7448$d7448

