=LDR  01025aam a2200205   4500
=001  7451
=008  250506s1936\\\\|||g||||\m|||\001\0dger\d
=041  \\$ager
=100  \\$aFreytag, Werner$910963$4aut
=245  \\$aMusikgeschichte der Stadt Stettin im 18. Jahrhundert
=260  \\$c1936$aGreifswald$bUniversitätsverlag
=300  \\$a[viii]-171-[18] pages$bfolded pages
=490  \\$aPommernforschung.  Fünfte Reihe: Studien zur Musik in Pommern$vHeft 2
=590  \\$aAngenommen als Dissertation von der Philosophischen Fakultät der Ernst-Moritz-Arndt-Universität in Greifswald
=648  \0$a18th Century (1701-1800)$1http://www.wikidata.org/entity/Q7015$920899
=650  \0$aMusic history$1http://www.wikidata.org/entity/Q846047$921373
=651  \0$aSzczecin (Poland)$1http://www.wikidata.org/entity/Q393$940154
=942  \\$cDIS
=952  \\$00$10$2ddc$40$6TOP_PL_SZC_5_000000000000000$70$8TOP$97449$aORPH$bORPH$cKTS0$d2021-01-12$eKoopman$i33E51$l0$oTOP PL.SZC 5$p20120938$r2021-01-12 00:00:00$w2021-01-12$yDIS$OKoopman
=999  \\$d7451

