=LDR  01256aam a2200265   4500
=001  7473
=008  250507s1947\\\\|||ag|||\||||\001\0ddan\d
=041  \\$adan
=100  \\$aFriis, Niels$910976$4aut
=245  \\$aDet Danske hoftrompeter korps.$bEn Historisk Undersøgelse
=260  \\$c1947$aCopenhagen$bDet Berlingske Bogtrykkeri
=300  \\$a126 pages
=500  \\$aThe Danish Court Trumpet Band
=648  \0$a16th Century (1501-1600)$1http://www.wikidata.org/entity/Q7017$920944
=648  \0$a17th Century (1601-1700)$1http://www.wikidata.org/entity/Q7016$920923
=648  \0$a18th Century (1701-1800)$1http://www.wikidata.org/entity/Q7015$920899
=650  \0$aCourt$1http://www.wikidata.org/entity/Q1134237$922191
=650  \0$aMusic history$1http://www.wikidata.org/entity/Q846047$921373
=650  \0$aTrumpet$1http://www.wikidata.org/entity/Q8338$92388
=650  \0$aCappella$1http://www.wikidata.org/entity/Q19902156$922910
=650  \0$aMusician$1http://www.wikidata.org/entity/Q639669$93574
=651  \0$aDenmark$1http://www.wikidata.org/entity/Q35$921295
=942  \\$cBOO
=952  \\$00$10$2ddc$40$6TOP_DK$70$8TOP$97471$aORPH$bORPH$cKTS0$d2021-01-12$eKoopman$i35C18$l0$oTOP DK$p20120737$r2021-01-12 00:00:00$w2021-01-12$yBOO$OKoopman
=999  \\$d7473

