=LDR  01413aam a2200289   4500
=001  7474
=005  20251002094122.0
=008  250513s1948\\\\|||oac||\||||\001\0ddan\d
=041  \\$adan
=100  \\$aFriis, Niels$910976$4aut
=245  \\$aDet Kongelige Kapel.$bFem aarhundreder ved hoffet , paa teatret og i koncertsalen.
=246  \1$aThe Royal Chapel.$bFive centuries at court, at the theatre and in the concert hall
=260  \\$c1948$aCopenhagen$bP. Haase & Søns
=300  \\$a350 pages$bfolded pages$enewspaper clippings
=610  \0$aKongelige Kapel (Copenhagen, Denmark)$940203
=648  \0$aPast$1http://www.wikidata.org/entity/Q192630$922196
=650  \0$aMusic history$1http://www.wikidata.org/entity/Q846047$921373
=650  \0$aOrchestra$1http://www.wikidata.org/entity/Q42998$93159
=650  \0$aCappella$1http://www.wikidata.org/entity/Q19902156$922910
=650  \0$aConductor$1http://www.wikidata.org/entity/Q158852$93134
=650  \0$aConcert$1http://www.wikidata.org/entity/Q182832$921044
=650  \0$aCourt$1http://www.wikidata.org/entity/Q1134237$922191
=650  \0$aPatronage$1http://www.wikidata.org/entity/Q214092$94245
=651  \0$aDenmark$1http://www.wikidata.org/entity/Q35$921295
=942  \\$cBOO
=952  \\$00$10$2ddc$40$6TOP_DK_COP$70$8TOP$97472$aORPH$bORPH$cKTS0$d2021-01-12$eKoopman$i35C19$l0$oTOP DK.COP$p20120725$r2021-01-12 00:00:00$w2021-01-12$yBOO$OKoopman
=999  \\$d7474

