=LDR  01228cam a2200277 a 4500
=001  7475
=005  20250120120019.0
=008  000216m19999999ne\a\\\\\b\\\\001\0\dut\\
=040  \\$aOI
=020  \\$z9012087213 (v. 1)
=020  \\$a9012086213 (v. 1)
=020  \\$a9012085624 (v. 2)
=020  \\$a9012086221 (v. 3)
=020  \\$a901208623X (v. 4)
=245  00$aNederlandse cultuur in Europese context.
=260  \\$aDen Haag :$bSdu,$cc1999-
=300  \\$av. <1-4   > :$bill. (some col.), maps ;$c28 cm.
=504  \\$aIncludes bibliographical references and index.
=505  1\$a1. 1650: Bevochten eendracht / Willem Frijhoff en Marijke Spies -- 2. 1800: Blauwdrukken voor een samenleving / Joost Kloek en Wijnand Mijnhardt -- 3. 1900: Hoogtij van burgerlijke cultuur / Jan Bank en Maarten van Buuren -- 4. 1950: Welvaart in zwart-wit / Kees Schuyt en Ed Taverne.
=651  \0$aNetherlands$1http://www.wikidata.org/entity/Q55$9173
=651  \0$aEurope$1http://www.wikidata.org/entity/Q46$991
=700  \\$aFrijhoff, Willem$910977
=700  \\$aSpies, Marijke$910978
=942  \\$cBOO
=952  \\$00$10$40$70$97473$aORPH$bORPH$cLOC_UNK$d2021-01-12$l0$p20122782$r2021-01-12 00:00:00$w2021-01-12$yTYPE_UNK$OKoopman
=999  \\$c7475$d7475

